
@manual{smith2021v3,
  title={{A}{T}{L}{A}{S}/{I}{C}{E}{S}at-2 {L}3{B} {A}nnual {L}and {I}ce {H}eight, {V}ersion 3},
  author={Smith, BE and Dickinson, S. and  Jelley, B. and Neumann, T. and  Hancock, D. and  Lee, J. and  Harbeck, K.},
  address={Boulder, Colorado USA},
  year={2021},
  organization={NASA National Snow and Ice Data Center Distributed Active Archive Center}
 }
% https://nsidc.org/data/atl11
@manual{nicholls2018apres,
  title={{L}ong-term site setup {S}{S}+{R}{M}{B}2},
  author={Nicholls, Keith W},
  address={Cambridge, United Kingdom},
  year={2018},
  organization={British Antarctic Survey}
 }
 @article{jourdain2020protocol,
  title={{A} protocol for calculating basal melt rates in the {I}{S}{M}{I}{P}6 {A}ntarctic ice sheet projections},
  author={Jourdain, Nicolas C and Asay-Davis, Xylar and Hattermann, Tore and Straneo, Fiammetta and Seroussi, H{\'e}l{\`e}ne and Little, Christopher M and Nowicki, Sophie},
  journal={The Cryosphere},
  volume={14},
  number={9},
  pages={3111--3134},
  year={2020},
  publisher={Copernicus GmbH}
}
 
 @article{golledge2019global,
  title={{G}lobal environmental consequences of twenty-first-century ice-sheet melt},
  author={Golledge, Nicholas R and Keller, Elizabeth D and Gomez, Natalya and Naughten, Kaitlin A and Bernales, Jorge and Trusel, Luke D and Edwards, Tamsin L},
  journal={Nature},
  volume={566},
  number={7742},
  pages={65--72},
  year={2019},
  publisher={Nature Publishing Group}
}
 @article{bronselaer2018change,
  title={{C}hange in future climate due to {A}ntarctic meltwater},
  author={Bronselaer, Ben and Winton, Michael and Griffies, Stephen M and Hurlin, William J and Rodgers, Keith B and Sergienko, Olga V and Stouffer, Ronald J and Russell, Joellen L},
  journal={Nature},
  volume={564},
  number={7734},
  pages={53--58},
  year={2018},
  publisher={Nature Publishing Group}
}

@article{naish2009obliquity,
  title={{O}bliquity-paced {P}liocene {W}est {A}ntarctic ice sheet oscillations},
  author={Naish, Timothy and Powell, R and Levy, Richard and Wilson, G and Scherer, R and Talarico, Franco and Krissek, L and Niessen, Frank and Pompilio, Massimo and Wilson, T and others},
  journal={Nature},
  volume={458},
  number={7236},
  pages={322--328},
  year={2009},
  publisher={Nature Publishing Group}
}

@article{pollard2009modelling,
  title={{M}odelling {W}est {A}ntarctic ice sheet growth and collapse through the past five million years},
  author={Pollard, David and DeConto, Robert M},
  journal={Nature},
  volume={458},
  number={7236},
  pages={329--332},
  year={2009},
  publisher={Nature Publishing Group}
}

@article{craven2009properties,
  title={{P}roperties of a marine ice layer under the {A}mery {I}ce {S}helf, {E}ast {A}ntarctica},
  author={Craven, Mike and Allison, Ian and Fricker, Helen Amanda and Warner, Roland},
  journal={Journal of Glaciology},
  volume={55},
  number={192},
  pages={717--728},
  year={2009},
  publisher={Cambridge University Press}
}
@article{bombosch1995modeling,
  title={{M}odeling the formation and deposition of frazil ice beneath {F}ilchner-{R}onne {I}ce {S}helf},
  author={Bombosch, Andreas and Jenkins, Adrian},
  journal={Journal of Geophysical Research: Oceans},
  volume={100},
  number={C4},
  pages={6983--6992},
  year={1995},
  publisher={Wiley Online Library}
}
@article{frazer2020observations,
  title={{O}bservations of the size distribution of frazil ice in an {I}ce {S}helf {W}ater plume},
  author={Frazer, Eamon K and Langhorne, Pat J and Leonard, Greg H and Robinson, Natalie J and Schumayer, D{\'a}niel},
  journal={Geophysical Research Letters},
  volume={47},
  number={21},
  pages={e2020GL090498},
  year={2020},
  publisher={Wiley Online Library}
}
@article{holland1999modeling,
  title={{M}odeling thermodynamic ice--ocean interactions at the base of an ice shelf},
  author={Holland, David M and Jenkins, Adrian},
  journal={Journal of Physical Oceanography},
  volume={29},
  number={8},
  pages={1787--1800},
  year={1999}
}

@article{davis2019turbulence,
  title={{T}urbulence observations beneath {L}arsen {C} ice shelf, {A}ntarctica},
  author={Davis, Peter ED and Nicholls, Keith W},
  journal={Journal of Geophysical Research: Oceans},
  volume={124},
  number={8},
  pages={5529--5550},
  year={2019},
  publisher={Wiley Online Library}
}

@article{jenkins2010observation,
  title={{O}bservation and parameterization of ablation at the base of {R}onne {I}ce {S}helf, {A}ntarctica},
  author={Jenkins, Adrian and Nicholls, Keith W and Corr, Hugh FJ},
  journal={Journal of Physical Oceanography},
  volume={40},
  number={10},
  pages={2298--2312},
  year={2010}
}

@article{jenkins2016simple,
  title={{A} simple model of the ice shelf--ocean boundary layer and current},
  author={Jenkins, Adrian},
  journal={Journal of Physical Oceanography},
  volume={46},
  number={6},
  pages={1785--1803},
  year={2016},
  publisher={American Meteorological Society}
}


 @article{langhorne2015observed,
  title={{O}bserved platelet ice distributions in {A}ntarctic sea ice: {A}n index for ocean-ice shelf heat flux},
  author={Langhorne, PJ and Hughes, KG and Gough, AJ and Smith, IJ and Williams, MJM and Robinson, NJ and Stevens, CL and Rack, W and Price, D and Leonard, GH and others},
  journal={Geophysical Research Letters},
  volume={42},
  number={13},
  pages={5442--5451},
  year={2015},
  publisher={Wiley Online Library}
}
@article{wells2011melting,
  title={{M}elting and dissolving of a vertical solid surface with laminar compositional convection},
  author={Wells, Andrew J and Worster, M Grae},
  journal={Journal of fluid mechanics},
  volume={687},
  pages={118--140},
  year={2011},
  publisher={Cambridge University Press}
}

@article{clough1979ross,
  title={{T}he {R}oss ice shelf project},
  author={Clough, John W and Hansen, B Lyle},
  journal={Science},
  volume={203},
  number={4379},
  pages={433--434},
  year={1979},
  publisher={American Association for the Advancement of Science}
}

@article{paolo2015volume,
  title={{V}olume loss from {A}ntarctic ice shelves is accelerating},
  author={Paolo, Fernando S and Fricker, Helen A and Padman, Laurie},
  journal={Science},
  volume={348},
  number={6232},
  pages={327--331},
  year={2015},
  publisher={American Association for the Advancement of Science}
}

@book{knauss2016introduction,
  title={{I}ntroduction to physical oceanography},
  author={Knauss, John A and Garfield, Newell},
  year={2016},
  publisher={Waveland Press}
}
@article{mcphee1987dynamics,
  title={{D}ynamics and thermodynamics of the ice/upper ocean system in the marginal ice zone of the {G}reenland {S}ea},
  author={McPhee, Miles G and Maykut, Gary A and Morison, James H},
  journal={Journal of Geophysical Research: Oceans},
  volume={92},
  number={C7},
  pages={7017--7031},
  year={1987},
  publisher={Wiley Online Library}
}
 
@manual{apres2017,
  title={{A}uto-p{R}{E}{S} {M}anual},
  version={101.4},
  author="{Nicholls, Keith and Corr, Hugh}",
  organization={British Antarctic Survey},
  address={Cambridge, United Kingdom},
  year={2017},
}
@article{orsi1999circulation,
  title={{C}irculation, mixing, and production of {A}ntarctic {B}ottom {W}ater},
  author={Orsi, Alejandro H and Johnson, Gregory C and Bullister, John L},
  journal={Progress in Oceanography},
  volume={43},
  number={1},
  pages={55--109},
  year={1999},
  publisher={Elsevier}
}
@article{merino2018impact,
  title={{I}mpact of increasing antarctic glacial freshwater release on regional sea-ice cover in the {S}outhern {O}cean},
  author={Merino, Nacho and Jourdain, Nicolas C and Le Sommer, Julien and Goosse, Hugues and Mathiot, Pierre and Durand, Gael},
  journal={Ocean Modelling},
  volume={121},
  pages={76--89},
  year={2018},
  publisher={Elsevier}
}
@article{nakayama2019pathways,
  title={{P}athways of ocean heat towards {P}ine {I}sland and {T}hwaites grounding lines},
  author={Nakayama, Yoshihiro and Manucharyan, Georgy and Zhang, Hong and Dutrieux, Pierre and Torres, Hector S and Klein, Patrice and Seroussi, Helene and Schodlok, Michael and Rignot, Eric and Menemenlis, Dimitris},
  journal={Scientific reports},
  volume={9},
  number={1},
  pages={1--9},
  year={2019},
  publisher={Nature Publishing Group}
}

@article{nakayama2018origin,
  title={{O}rigin of {C}ircumpolar {D}eep {W}ater intruding onto the {A}mundsen and {B}ellingshausen {S}ea continental shelves},
  author={Nakayama, Yoshihiro and Menemenlis, Dimitris and Zhang, Hong and Schodlok, Michael and Rignot, Eric},
  journal={Nature Communications},
  volume={9},
  number={1},
  pages={1--9},
  year={2018},
  publisher={Nature Publishing Group}
}

@article{malyarenko2020synthesis,
  title={{A} synthesis of thermodynamic ablation at ice--ocean interfaces from theory, observations and models},
  author={Malyarenko, Alena and Wells, Andrew J and Langhorne, Patricia J and Robinson, Natalie J and Williams, Michael JM and Nicholls, Keith W},
  journal={Ocean Modelling},
  volume={154},
  pages={101692},
  year={2020},
  publisher={Elsevier}
}

 @article{macgregor2011grounding,
  title={{T}he grounding zone of the {R}oss {I}ce {S}helf, {W}est {A}ntarctica, from ice-penetrating radar},
  author={MacGregor, Joseph A and Anandakrishnan, Sridhar and Catania, Ginny A and Winebrenner, Dale P},
  journal={Journal of Glaciology},
  volume={57},
  number={205},
  pages={917--928},
  year={2011},
  publisher={Cambridge University Press}
}
@article{padman2003tides,
  title={{T}ides of the {R}oss sea and {R}oss ice shelf cavity},
  author={Padman, Laurence and Erofeeva, Svetlana and Joughin, IAN},
  journal={Antarctic Science},
  volume={15},
  number={1},
  pages={31--40},
  year={2003},
  publisher={Cambridge University Press}
}
@article{makinson2002modeling,
  title={{M}odeling tidal current profiles and vertical mixing beneath {F}ilchner--{R}onne {I}ce {S}helf, {A}ntarctica},
  author={Makinson, Keith},
  journal={Journal of Physical Oceanography},
  volume={32},
  number={1},
  pages={202--215},
  year={2002}
}

@article{dowdeswell2020delicate,
  title={{D}elicate seafloor landforms reveal past {A}ntarctic grounding-line retreat of kilometers per year},
  author={Dowdeswell, JA and Batchelor, CL and Montelli, Aleksandr and Ottesen, D and Christie, FDW and Dowdeswell, EK and Evans, Jeffrey},
  journal={Science},
  volume={368},
  number={6494},
  pages={1020--1024},
  year={2020},
  publisher={American Association for the Advancement of Science}
}

@article{hobbs2016review,
  title={{A} review of recent changes in {S}outhern {O}cean sea ice, their drivers and forcings},
  author={Hobbs, William R and Massom, Rob and Stammerjohn, Sharon and Reid, Phillip and Williams, Guy and Meier, Walter},
  journal={Global and Planetary Change},
  volume={143},
  pages={228--250},
  year={2016},
  publisher={Elsevier}
}

@article{naughten2018future,
  title={{F}uture projections of {A}ntarctic ice shelf melting based on {C}{M}{I}{P}5 scenarios},
  author={Naughten, Kaitlin A and Meissner, Katrin J and Galton-Fenzi, Benjamin K and England, Matthew H and Timmermann, Ralph and Hellmer, Hartmut H},
  journal={Journal of Climate},
  volume={31},
  number={13},
  pages={5243--5261},
  year={2018}
}

@article{reese2018far,
  title={{T}he far reach of ice-shelf thinning in {A}ntarctica},
  author={Reese, Ronja and Gudmundsson, G Hilmar and Levermann, Anders and Winkelmann, Ricarda},
  journal={Nature Climate Change},
  volume={8},
  number={1},
  pages={53--57},
  year={2018},
  publisher={Nature Publishing Group}
}

@article{fricker2001distribution,
  title={{D}istribution of marine ice beneath the {A}mery {I}ce {S}helf},
  author={Fricker, Helen Amanda and Popov, Sergey and Allison, Ian and Young, Neal},
  journal={Geophysical Research Letters},
  volume={28},
  number={11},
  pages={2241--2244},
  year={2001},
  publisher={Wiley Online Library}
}

 @article{van2011analytical,
  title={{A}nalytical and numerical analysis of tides and salinities in estuaries; part {I}: tidal wave propagation in convergent estuaries},
  author={van Rijn, Leo C},
  journal={Ocean dynamics},
  volume={61},
  number={11},
  pages={1719--1741},
  year={2011},
  publisher={Springer}
}

@article{fowler2010weertman,
  title={{W}eertman, {L}liboutry and the development of sliding theory},
  author={Fowler, AC},
  journal={Journal of Glaciology},
  volume={56},
  number={200},
  pages={965--972},
  year={2010},
  publisher={International Glaciological Society}
}

@article{ferguson1973sinuosity,
  title={{S}inuosity of supraglacial streams},
  author={Ferguson, RI},
  journal={Geological Society of America Bulletin},
  volume={84},
  number={1},
  pages={251--256},
  year={1973},
  publisher={Geological Society of America}
}

@article{herron1980firn,
  title={{F}irn densification: an empirical model},
  author={Herron, Michael M and Langway, Chester C},
  journal={Journal of Glaciology},
  volume={25},
  number={93},
  pages={373--385},
  year={1980},
  publisher={Cambridge University Press}
}

@manual{ppp2016,
  title={{N}atural {R}esources {C}anada's online tool {C}anadian {S}patial {R}eference {S}ystem-precise point positioning {({P}{P}{P})}.},
  author="{Natural Resources Canada}",
  organization={Canadian Geodetic Survey},
  address={Ottawa, Ontario},
  year={2016},
}

@article{alley2018continent,
  title={{C}ontinent-wide estimates of {A}ntarctic strain rates from {L}andsat 8-derived velocity grids},
  author={Alley, Karen E and Scambos, Ted A and Anderson, Robert S and Rajaram, Harihar and Pope, Allen and Haran, Terry M},
  journal={Journal of Glaciology},
  volume={64},
  number={244},
  pages={321--332},
  year={2018},
  publisher={Cambridge University Press}
}

@article{drews2015evolution,
  title={{E}volution of ice-shelf channels in {A}ntarctic ice shelves},
  author={Drews, Reinhard},
  journal={The Cryosphere},
  volume={9},
  number={3},
  pages={1169--1181},
  year={2015},
  publisher={Copernicus GmbH}
}
@article{golledge2015multi,
  title={{T}he multi-millennial {A}ntarctic commitment to future sea-level rise},
  author={Golledge, Nicholas R and Kowalewski, Douglas E and Naish, Timothy R and Levy, Richard H and Fogwill, Christopher J and Gasson, Edward GW},
  journal={Nature},
  volume={526},
  number={7573},
  pages={421--425},
  year={2015},
  publisher={Nature Publishing Group}
}
@article{horgan2017poststagnation,
  title={{P}oststagnation {R}etreat of {K}amb {I}ce {S}tream's {G}rounding {Z}one},
  author={Horgan, HJ and Hulbe, C and Alley, RB and Anandakrishnan, S and Goodsell, B and Taylor-Offord, S and Vaughan, MJ},
  journal={Geophysical Research Letters},
  volume={44},
  number={19},
  pages={9815--9822},
  year={2017},
  publisher={Wiley Online Library}
}

@article{robel2022layered,
  title={{L}ayered seawater intrusion and melt under grounded ice},
  author={Robel, Alexander A and Wilson, Earle and Seroussi, Helene},
  journal={The Cryosphere},
  volume={16},
  number={2},
  pages={451--469},
  year={2022},
  publisher={Copernicus GmbH}
}

@article{haseloff2018effect,
  title={{T}he effect of buttressing on grounding line dynamics},
  author={Haseloff, Marianne and Sergienko, Olga V},
  journal={Journal of Glaciology},
  volume={64},
  number={245},
  pages={417--431},
  year={2018},
  publisher={Cambridge University Press}
}
@article{jakobsson2012ice,
  title={{I}ce sheet retreat dynamics inferred from glacial morphology of the central {P}ine {I}sland {B}ay {T}rough, {W}est {A}ntarctica},
  author={Jakobsson, Martin and Anderson, John B and Nitsche, Frank O and Gyllencreutz, Richard and Kirshner, Alexandra E and Kirchner, Nina and O'Regan, Matthew and Mohammad, Rezwan and Eriksson, Bj{\"o}rn},
  journal={Quaternary Science Reviews},
  volume={38},
  pages={1--10},
  year={2012},
  publisher={Elsevier}
}
@article{dutrieux2013pine,
  title={{P}ine {I}sland glacier ice shelf melt distributed at kilometre scales},
  author={Dutrieux, Pierre and Vaughan, David G and Corr, Hugh FJ and Jenkins, Adrian and Holland, Paul R and Joughin, I and Fleming, AH},
  journal={The Cryosphere},
  volume={7},
  number={5},
  pages={1543--1555},
  year={2013},
  publisher={Copernicus GmbH}
}
@article{gow1965relationship,
  title={{O}n the relationship of snow accumulation to surface topography at “{B}yrd {S}tation”, {A}ntarctica},
  author={Gow, ANTHONY J and Rowland, Robert},
  journal={Journal of Glaciology},
  volume={5},
  number={42},
  pages={843--847},
  year={1965},
  publisher={Cambridge University Press}
}


@article{rignot2017measures,
  title={{M}{E}a{S}{U}{R}{E}s {I}n{S}{A}{R}-based {A}ntarctica ice velocity map, version 2},
  author={Rignot, E and Mouginot, J and Scheuchl, B},
  journal={Boulder, Colorado USA. NASA National Snow and Ice Data Center Distributed Active Archive Center. doi: https://doi. org/10.5067/D7GK8F5J8M8R},
  year={2017}
}

@inproceedings{studinger2010operation,
  title={{O}peration icebridge: using instrumented aircraft to bridge the observational gap between {I}cesat and {I}cesat-2},
  author={Studinger, Michael and Koenig, Lora and Martin, Seelye and Sonntag, John},
  booktitle={2010 {I}{E}{E}{E} {I}nternational {G}eoscience and {R}emote {S}ensing {S}ymposium},
  pages={1918--1919},
  year={2010},
  organization={IEEE}
}


@article{schlosser1990oxygen,
  title={{O}xygen 18 and helium as tracers of ice shelf water and water/ice interaction in the {W}eddell {S}ea},
  author={Schlosser, Peter and Bayer, Reinhold and Foldvik, Arne and Gammelsr{\o}d, Tor and Rohardt, Gerd and M{\"u}nnich, Karl Otto},
  journal={Journal of Geophysical Research: Oceans},
  volume={95},
  number={C3},
  pages={3253--3263},
  year={1990},
  publisher={Wiley Online Library}
}

@article{macayeal1985evolution,
  title={{E}volution of tidally triggered meltwater plumes below ice shelves},
  author={MacAyeal, Douglas R},
  journal={Oceanology of the Antarctic continental shelf},
  volume={43},
  pages={133--143},
  year={1985},
  publisher={Antarctic Research Series}
}


@article{jacobs1979circulation,
  title={{C}irculation and melting beneath the {R}oss {I}ce {S}helf},
  author={Jacobs, Stanley S and Gordon, Arnold L and Ardai, JL},
  journal={Science},
  volume={203},
  number={4379},
  pages={439--443},
  year={1979},
  publisher={American Association for the Advancement of Science}
}

@article{adcroft2018mitgcm,
  title={{M}{I}{T}gcm documentation},
  author={Adcroft, Alistair and Campin, Jean-Michel and Doddridge, Stephanie Dutkiewicz and Evangelinos, Constantinos and Ferreira, David and Follows, Mick and Forget, Gael and Hill, Helen and Jahn, Oliver and Klymak, Jody and others},
  journal={Release checkpoint67a-12-gbf23121},
  volume={19},
  year={2018}
}

@article{adcroft1997representation,
  title={{R}epresentation of topography by shaved cells in a height coordinate ocean model},
  author={Adcroft, Alistair and Hill, Chris and Marshall, John},
  journal={Monthly Weather Review},
  volume={125},
  number={9},
  pages={2293--2315},
  year={1997}
}

@article{bull2021remote,
  title={{R}emote {C}ontrol of {F}ilchner-{R}onne {I}ce {S}helf {M}elt {R}ates by the {A}ntarctic {S}lope {C}urrent},
  author={Bull, Christopher YS and Jenkins, Adrian and Jourdain, Nicolas C and Va{\v{n}}kov{\'a}, Irena and Holland, Paul R and Mathiot, Pierre and Hausmann, Ute and Sall{\'e}e, Jean-Baptiste},
  journal={Journal of Geophysical Research: Oceans},
  volume={126},
  number={2},
  pages={e2020JC016550},
  year={2021},
  publisher={Wiley Online Library}
}

@article{makinson2011influence,
  title={{I}nfluence of tides on melting and freezing beneath {F}ilchner-{R}onne {I}ce {S}helf, {A}ntarctica},
  author={Makinson, Keith and Holland, Paul R and Jenkins, Adrian and Nicholls, Keith W and Holland, David M},
  journal={Geophysical Research Letters},
  volume={38},
  number={6},
  year={2011},
  publisher={Wiley Online Library}
}
@article{padman2002new,
  title={{A} new tide model for the {A}ntarctic ice shelves and seas},
  author={Padman, Laurie and Fricker, Helen A and Coleman, Richard and Howard, Susan and Erofeeva, Lana},
  journal={Annals of Glaciology},
  volume={34},
  pages={247--254},
  year={2002},
  publisher={Cambridge University Press}
}

@mastersthesis{snodgrass2021melting,
  title={{M}elting and deformation of the {R}oss {I}ce {S}helf, {A}ntarctica, by {M}ulti-{Y}ear {P}hase {S}ensitive {R}adio {E}cho {S}ounding},
  author={Snodgrass, Joseph A},
  year={2021},
  school={University of Canterbury}
}
@article{craven2014platelet,
  title={{P}latelet ice attachment to instrument strings beneath the {A}mery {I}ce {S}helf, {E}ast {A}ntarctica},
  author={Craven, M and Warner, RC and Galton-Fenzi, BK and Herraiz-Borreguero, L and Vogel, SW and Allison, I},
  journal={Journal of Glaciology},
  volume={60},
  number={220},
  pages={383--393},
  year={2014},
  publisher={Cambridge University Press}
}

@phdthesis{stewart2018ice,
  title={{I}ce-ocean interactions beneath the north-western {R}oss {I}ce {S}helf, {A}ntarctica},
  author={Stewart, Craig Lincoln},
  year={2018},
  school={University of Cambridge}
}

@article{hirano2020strong,
  title={{S}trong ice-ocean interaction beneath {S}hirase {G}lacier {T}ongue in {E}ast {A}ntarctica},
  author={Hirano, Daisuke and Tamura, Takeshi and Kusahara, Kazuya and Ohshima, Kay I and Nicholls, Keith W and Ushio, Shuki and Simizu, Daisuke and Ono, Kazuya and Fujii, Masakazu and Nogi, Yoshifumi and others},
  journal={Nature Communications},
  volume={11},
  number={1},
  pages={1--12},
  year={2020},
  publisher={Nature Publishing Group}
}

@article{lindback2019spatial,
  title={{S}patial and temporal variations in basal melting at {N}ivlisen ice shelf, {E}ast {A}ntarctica, derived from phase-sensitive radars},
  author={Lindb{\"a}ck, Katrin and Moholdt, Geir and Nicholls, Keith W and Hattermann, Tore and Pratap, Bhanu and Thamban, Meloth and Matsuoka, Kenichi},
  journal={The Cryosphere},
  volume={13},
  number={10},
  pages={2579--2595},
  year={2019},
  publisher={Copernicus GmbH}
}
@article{arnold2020cresis,
  title={{C}{R}e{S}{I}{S} airborne radars and platforms for ice and snow sounding},
  author={Arnold, Emily and Leuschen, Carl and Rodriguez-Morales, Fernando and Li, Jilu and Paden, John and Hale, Richard and Keshmiri, Shawn},
  journal={Annals of Glaciology},
  volume={61},
  number={81},
  pages={58--67},
  year={2020},
  publisher={Cambridge University Press}
}
@article{robel2013dynamics,
  title={{D}ynamics of ice stream temporal variability: {M}odes, scales, and hysteresis},
  author={Robel, Alexander Abram and DeGiuli, E and Schoof, C and Tziperman, Eli},
  journal={Journal of Geophysical Research: Earth Surface},
  volume={118},
  number={2},
  pages={925--936},
  year={2013},
  publisher={Wiley Online Library}
}
@article{damsgaard2017sediment,
  title={{S}ediment behavior controls equilibrium width of subglacial channels},
  author={Damsgaard, Anders and Suckale, Jenny and Piotrowski, Jan A and Houssais, Morgane and Siegfried, Matthew R and Fricker, Helen A},
  journal={Journal of Glaciology},
  volume={63},
  number={242},
  pages={1034--1048},
  year={2017},
  publisher={Cambridge University Press}
}
@article{fried2014grounding,
  title={{G}rounding-line dynamics and margin lakes},
  author={Fried, MJ and Hulbe, CL and Fahnestock, MA},
  journal={Annals of glaciology},
  volume={55},
  number={66},
  pages={87--96},
  year={2014},
  publisher={Cambridge University Press}
}

@article{brunt2019assessment,
  title={{A}ssessment of {I}{C}{E}{S}at-2 ice sheet surface heights, based on comparisons over the interior of the {A}ntarctic ice sheet},
  author={Brunt, KM and Neumann, TA and Smith, BE},
  journal={Geophysical Research Letters},
  volume={46},
  number={22},
  pages={13072--13078},
  year={2019},
  publisher={Wiley Online Library}
}

@article{horgan2022channel,
  title={{E}xploring {A}ntarctica’s hidden under-ice rivers and their role in future sea-level rise},
  author={Horgan, HJ and Stevens, C},
  journal={The Conversation},
  year={2022},
  url={https://theconversation.com/exploring-antarcticas-hidden-under-ice-rivers-and-their-role-in-future-sea-level-rise-176456}
}

@article{sun2019topographic,
  title={{T}opographic shelf waves control seasonal melting near {A}ntarctic ice shelf grounding lines},
  author={Sun, Sainan and Hattermann, Tore and Pattyn, Frank and Nicholls, Keith W and Drews, Reinhard and Berger, Sophie},
  journal={Geophysical Research Letters},
  volume={46},
  number={16},
  pages={9824--9832},
  year={2019},
  publisher={Wiley Online Library}
}

@article{davis2018variability,
  title={{V}ariability in basal melting beneath {P}ine {I}sland {I}ce {S}helf on weekly to monthly timescales},
  author={Davis, Peter ED and Jenkins, Adrian and Nicholls, Keith W and Brennan, Paul V and Abrahamsen, E Povl and Heywood, Karen J and Dutrieux, Pierre and Cho, Kyoung-Ho and Kim, Tae-Wan},
  journal={Journal of Geophysical Research: Oceans},
  volume={123},
  number={11},
  pages={8655--8669},
  year={2018},
  publisher={Wiley Online Library}
}

@article{vavnkova2021nature,
  title={{T}he nature of ice intermittently accreted at the base of {R}onne {I}ce {S}helf, {A}ntarctica, assessed using phase-sensitive radar},
  author={Va{\v{n}}kov{\'a}, Irena and Nicholls, Keith W and Corr, Hugh FJ},
  journal={Journal of Geophysical Research: Oceans},
  volume={126},
  number={10},
  pages={e2021JC017290},
  year={2021},
  publisher={Wiley Online Library}
}


@inproceedings{robinson2020ice,
  title={{I}ce {S}helf {C}avity {E}stuarine {H}ydrodynamics at the {K}amb {I}ce {S}tream {G}rounding {L}ine},
  author={Robinson, Natalie and Stevens, Craig and Hulbe, Christina L and Horgan, Huw Joseph and Stewart, Craig and Washam, Peter and de Joux, Peter},
  booktitle={{A}{G}{U} {F}all {M}eeting {A}bstracts},
  volume={2020},
  pages={C026--07},
  year={2020}
}

@article{nicholls2015ground,
  title={{A} ground-based radar for measuring vertical strain rates and time-varying basal melt rates in ice sheets and shelves},
  author={Nicholls, Keith W and Corr, Hugh FJ and Stewart, Craig L and Lok, Lai Bun and Brennan, Paul V and Vaughan, David G},
  journal={Journal of Glaciology},
  volume={61},
  number={230},
  pages={1079--1087},
  year={2015},
  publisher={Cambridge University Press}
}

@article{pelle2019brief,
  title={{B}rief communication: {P}{I}{C}{O}{P}, a new ocean melt parameterization under ice shelves combining {P}{I}{C}{O} and a plume model},
  author={Pelle, Tyler and Morlighem, Mathieu and Bondzio, Johannes H},
  journal={The Cryosphere},
  volume={13},
  number={3},
  pages={1043--1049},
  year={2019},
  publisher={Copernicus GmbH}
}

@article{holland2003modelling,
  title={{M}odelling the ocean circulation beneath the {R}oss {I}ce {S}helf},
  author={Holland, David M and Jacobs, Stanley S and Jenkins, Adrian},
  journal={Antarctic Science},
  volume={15},
  number={1},
  pages={13--23},
  year={2003},
  publisher={Cambridge University Press}
}

@article{lawrence2022melting,
  title={{M}elting and {R}efreezing at the {R}oss {I}ce {S}helf {G}rounding {L}ine},
  author={Lawrence*, J. D. and Washam, P. M. and Stevens, C. and Hulbe, C. and  Horgan, H. and  Dunbar, G. and Calkin, T. and Stewart, C. and Robinson, N.},
  journal={To be confirmed},
  volume={600},
  number={010},
  pages={1000--1001},
  year={2022},
  publisher={To be confirmed}
}
@article{stevens2020ocean,
  title={{O}cean mixing and heat transport processes observed under the {R}oss {I}ce {S}helf control its basal melting},
  author={Stevens, Craig and Hulbe, Christina and Brewer, Mike and Stewart, Craig and Robinson, Natalie and Ohneiser, Christian and Jendersie, Stefan},
  journal={Proceedings of the National Academy of Sciences},
  volume={117},
  number={29},
  pages={16799--16804},
  year={2020},
  publisher={National Acad Sciences}
}

@inproceedings{adcroft2004overview,
  title={{O}verview of the formulation and numerics of the {M}{I}{T} {G}{C}{M}},
  author={Adcroft, Alistair and Hill, Chris and Campin, Jean-Michel and Marshall, John and Heimbach, Patrick},
  journal={Proceedings of the ECMWF seminar series on Numerical Methods, Recent developments in numerical methods for atmosphere and ocean modelling},
  pages={139--149},
  year={2004}
}


@inproceedings{holland2003ice,
  title={{T}he ice shelf-ocean model intercomparison project ({I}{S}{O}{M}{I}{P})},
  author={Holland, DM and Hunter, J and Grosfeld, K and Hellmer, H and Jenkins, A and Morales Maqueda, MA and Hemer, M and Williams, M and Klinck, JM and Dinniman, M},
  booktitle={{A}{G}{U} {F}all {M}eeting {A}bstracts},
  volume={2003},
  pages={C41A--05},
  year={2003}
}

@article{carroll2017subglacial,
  title={{S}ubglacial discharge-driven renewal of tidewater glacier fjords},
  author={Carroll, Dustin and Sutherland, David A and Shroyer, Emily L and Nash, Jonathan D and Catania, Ginny A and Stearns, Leigh A},
  journal={Journal of Geophysical Research: Oceans},
  volume={122},
  number={8},
  pages={6611--6629},
  year={2017},
  publisher={Wiley Online Library}
}

@article{holland2008response,
  title={{T}he response of ice shelf basal melting to variations in ocean temperature},
  author={Holland, Paul R and Jenkins, Adrian and Holland, David M},
  journal={Journal of Climate},
  volume={21},
  number={11},
  pages={2558--2572},
  year={2008},
  publisher={American Meteorological Society}
}

@article{marshall1997finite,
  title={{A} finite-volume, incompressible {N}avier {S}tokes model for studies of the ocean on parallel computers},
  author={Marshall, John and Adcroft, Alistair and Hill, Chris and Perelman, Lev and Heisey, Curt},
  journal={Journal of Geophysical Research: Oceans},
  volume={102},
  number={C3},
  pages={5753--5766},
  year={1997},
  publisher={Wiley Online Library}
}

@article{losch2008modeling,
  title={{M}odeling ice shelf cavities in az coordinate ocean general circulation model},
  author={Losch, Martin},
  journal={Journal of Geophysical Research: Oceans},
  volume={113},
  number={C8},
  year={2008},
  publisher={Wiley Online Library}
}

@article{hellmer1989two,
  title={{A} two-dimensional model for the thermohaline circulation under an ice shelf},
  author={Hellmer, Hartmut H and Olbers, Dirk J},
  journal={Antarctic Science},
  volume={1},
  number={4},
  pages={325--336},
  year={1989},
  publisher={Cambridge University Press}
}


@article{marshall1997hydrostatic,
  title={{H}ydrostatic, quasi-hydrostatic, and nonhydrostatic ocean modeling},
  author={Marshall, John and Hill, Chris and Perelman, Lev and Adcroft, Alistair},
  journal={Journal of Geophysical Research: Oceans},
  volume={102},
  number={C3},
  pages={5733--5752},
  year={1997},
  publisher={Wiley Online Library}
}

@article{ng2018response,
  title={{R}esponse of surface topography to basal variability along glacial flowlines},
  author={Ng, Felix SL and Ign{\'e}czi, {\'A}d{\'a}m and Sole, Andrew J and Livingstone, Stephen J},
  journal={Journal of Geophysical Research: Earth Surface},
  volume={123},
  number={10},
  pages={2319--2340},
  year={2018},
  publisher={Wiley Online Library}
}
@article{gudmundsson2008limit,
  title={{O}n the limit to resolution and information on basal properties obtainable from surface data on ice streams},
  author={Gudmundsson, G Hilmar and Raymond, Melanie},
  journal={The Cryosphere},
  volume={2},
  number={2},
  pages={167--178},
  year={2008},
  publisher={Copernicus GmbH}
}



@article{young2018resolving,
  title={{R}esolving the internal and basal geometry of ice masses using imaging phase-sensitive radar},
  author={Young, Tun Jan and Schroeder, Dustin M and Christoffersen, Poul and Lok, Lai Bun and Nicholls, Keith W and Brennan, Paul V and Doyle, Samuel H and Hubbard, Bryn and Hubbard, Alun},
  journal={Journal of Glaciology},
  volume={64},
  number={246},
  pages={649--660},
  year={2018},
  publisher={Cambridge University Press}
}

@article{corr2002precise,
  title={{P}recise measurement of changes in ice-shelf thickness by phase-sensitive radar to determine basal melt rates},
  author={Corr, Hugh FJ and Jenkins, Adrian and Nicholls, Keith W and Doake, CSM},
  journal={Geophysical Research Letters},
  volume={29},
  number={8},
  pages={73--1},
  year={2002},
  publisher={Wiley Online Library}
}
@MISC{craig_personal_comm,
    author = {Stewart, CL},
    title = {{P}ersonal communication},
    year = {2021}
}

@article{macayeal1984thermohaline,
  title={{T}hermohaline circulation below the {R}oss {I}ce {S}helf: {A} consequence of tidally induced vertical mixing and basal melting},
  author={MacAyeal, Douglas Reed},
  journal={Journal of Geophysical Research: Oceans},
  volume={89},
  number={C1},
  pages={597--606},
  year={1984},
  publisher={Wiley Online Library}
}

@article{lewis1986ice,
  title={{I}ce pumps and their rates},
  author={Lewis, EL and Perkin, RG},
  journal={Journal of Geophysical Research: Oceans},
  volume={91},
  number={C10},
  pages={11756--11762},
  year={1986},
  publisher={Wiley Online Library}
}

@article{haran2014modis,
  title={{M}{O}{D}{I}{S} {M}osaic of {A}ntarctica 2008--2009 ({M}{O}{A}2009) image map},
  author={Haran, T and Bohlander, J and Scambos, T and Painter, T and Fahnestock, M},
  journal={Boulder, Colorado USA, National Snow and Ice Data Center},
  volume={10},
  pages={N5KP8037},
  year={2014}
}
@article{vavnkova2021deriving,
  title={{D}eriving melt rates at a complex ice shelf base using in situ radar: {A}pplication to {T}otten {I}ce {S}helf},
  author={Va{\v{n}}kov{\'a}, Irena and Cook, Sue and Winberry, J Paul and Nicholls, Keith W and Galton-Fenzi, Benjamin K},
  journal={Geophysical Research Letters},
  volume={48},
  number={7},
  pages={e2021GL092692},
  year={2021},
  publisher={Wiley Online Library}
}

@article{wearing2021ice,
  title={{I}ce-shelf basal melt channels stabilized by secondary flow},
  author={Wearing, MG and Stevens, LA and Dutrieux, P and Kingslake, Jonathan},
  journal={Geophysical Research Letters},
  volume={48},
  number={21},
  pages={e2021GL094872},
  year={2021},
  publisher={Wiley Online Library}
}

@misc{crameri2018scientific,
  author = {Crameri, Fabio},
  publisher = {Zenodo},
  date = {2018-12-10},
  doi = {10.5281/zenodo.1243862},
  langid = {english},
  title = {Scientific Colour Maps},
  year = {2018}
}


@article{wessel2019generic,
  title={{T}he generic mapping tools version 6},
  author={Wessel, P and Luis, JF and Uieda, L and Scharroo, R and Wobbe, F and Smith, WHF and Tian, D},
  journal={Geochemistry, Geophysics, Geosystems},
  volume={20},
  number={11},
  pages={5556--5564},
  year={2019},
  publisher={Wiley Online Library}
}

@article{uieda2021pygmt,
  title={{P}y{G}{M}{T}: {A} {P}ython interface for the {G}eneric {M}apping {T}ools},
  author={Uieda, L and Tian, D and Leong, WJ and Toney, L and Schlitzer, W and Grund, M and Newton, D and Ziebarth, M and Jones, M and Wessel, P},
  journal = {Python},
  year={2021},
  publisher={Zenodo}
}


@article{mouginot2019continent,
  title={{C}ontinent-wide, interferometric {S}{A}{R} phase, mapping of {A}ntarctic ice velocity},
  author={Mouginot, J and Rignot, E and Scheuchl, B},
  journal={Geophysical Research Letters},
  volume={46},
  number={16},
  pages={9710--9718},
  year={2019},
  publisher={Wiley Online Library}
}



@article{depoorter2013calving,
  title={{C}alving fluxes and basal melt rates of {A}ntarctic ice shelves},
  author={Depoorter, Mathieu A and Bamber, Jonathan L and Griggs, Jennifer A and Lenaerts, Jan TM and Ligtenberg, Stefan RM and van den Broeke, Michiel R and Moholdt, G},
  journal={Nature},
  volume={502},
  number={7469},
  pages={89--92},
  year={2013},
  publisher={Nature Publishing Group}
}


@article{robin1979formation,
  title={{F}ormation, flow, and disintegration of ice shelves},
  author={Robin, G de Q},
  journal={Journal of Glaciology},
  volume={24},
  number={90},
  pages={259--271},
  year={1979},
  publisher={Cambridge University Press}
}

@article{edwards2021projected,
  title={{P}rojected land ice contributions to twenty-first-century sea level rise},
  author={Edwards, Tamsin L and Nowicki, Sophie and Marzeion, Ben and Hock, Regine and Goelzer, Heiko and Seroussi, H{\'e}l{\`e}ne and Jourdain, Nicolas C and Slater, Donald A and Turner, Fiona E and Smith, Christopher J and others},
  journal={Nature},
  volume={593},
  number={7857},
  pages={74--82},
  year={2021},
  publisher={Nature Publishing Group}
}

@article{jenkins1991one,
  title={{A} one-dimensional model of ice shelf-ocean interaction},
  author={Jenkins, Adrian},
  journal={Journal of Geophysical Research: Oceans},
  volume={96},
  number={C11},
  pages={20671--20677},
  year={1991},
  publisher={Wiley Online Library}
}


@article{payne2007numerical,
  title={{N}umerical modeling of ocean-ice interactions under {P}ine {I}sland {B}ay's ice shelf},
  author={Payne, Antony J and Holland, Paul R and Shepherd, Andrew P and Rutt, Ian C and Jenkins, Adrian and Joughin, Ian},
  journal={Journal of Geophysical Research: Oceans},
  volume={112},
  number={C10},
  year={2007},
  publisher={Wiley Online Library}
}

@article{goldberg2019accurately,
  title={{H}ow accurately should we model ice shelf melt rates?},
  author={Goldberg, DN and Gourmelen, Noel and Kimura, S and Millan, R and Snow, Kate},
  journal={Geophysical Research Letters},
  volume={46},
  number={1},
  pages={189--199},
  year={2019},
  publisher={Wiley Online Library}
}


@book{portner2019ocean,
  title={{T}he {O}cean and {C}ryosphere in a {C}hanging {C}limate: {A} {S}pecial {R}eport by the {I}ntergovernmental {P}anel on {C}limate {C}hange},
  author={P{\"o}rtner, Hans-Otto and Roberts, Debra C and Masson-Delmotte, Val{\'e}rie and Zhai, Panmao},
  year={2019},
  publisher={Intergovernmental Panel on Climate Change}
}


@article{scambos2007modis,
  title={{M}{O}{D}{I}{S}-based {M}osaic of {A}ntarctica ({M}{O}{A}) data sets: {C}ontinent-wide surface morphology and snow grain size},
  author={Scambos, Ted A and Haran, Terry M and Fahnestock, MA and Painter, TH and Bohlander, Jennifer},
  journal={Remote Sensing of Environment},
  volume={111},
  number={2-3},
  pages={242--257},
  year={2007},
  publisher={Elsevier}
}

@article{depoorter2013amii,
 author={Mathieu A {Depoorter} and Jonathan L {Bamber} and Jennifer {Griggs} and Jan T M {Lenaerts} and Stefan R M {Ligtenberg} and Michiel R {van den Broeke} and Geir {Moholdt}},
 title={{{A}ntarctic masks (ice-shelves, ice-sheet, and islands),}},
 year={2013},
 doi={10.1594/PANGAEA.819147},
 url={https://doi.org/10.1594/PANGAEA.819147},
 journal={Nature},
 note={In supplement to: Depoorter, MA et al. (2013): Calving fluxes and basal melt rates of Antarctic ice shelves. Nature, 502, 89-92, https://doi.org/10.1038/nature12567},
 type={data set},
 publisher={PANGAEA}
}

@article{stanton2013channelized,
  title={{C}hannelized ice melting in the ocean boundary layer beneath {P}ine {I}sland {G}lacier, {A}ntarctica},
  author={Stanton, Timothy P and Shaw, WJ and Truffer, M and Corr, HFJ and Peters, LE and Riverman, KL and Bindschadler, R and Holland, DMm and Anandakrishnan, S},
  journal={Science},
  volume={341},
  number={6151},
  pages={1236--1239},
  year={2013},
  publisher={American Association for the Advancement of Science}
}

@article{berthier2012mass,
  title={{M}ass loss of {L}arsen {B} tributary glaciers ({A}ntarctic {P}eninsula) unabated since 2002},
  author={Berthier, Etienne and Scambos, Ted A and Shuman, Christopher A},
  journal={Geophysical Research Letters},
  volume={39},
  number={13},
  year={2012},
  publisher={Wiley Online Library}
}

@article{begeman2018ocean,
  title={{O}cean stratification and low melt rates at the {R}oss {I}ce {S}helf grounding zone},
  author={Begeman, Carolyn Branecky and Tulaczyk, Slawek M and Marsh, Oliver J and Mikucki, Jill A and Stanton, Timothy P and Hodson, Timothy O and Siegfried, Matthew R and Powell, Ross D and Christianson, Knut and King, Matt A},
  journal={Journal of Geophysical Research: Oceans},
  volume={123},
  number={10},
  pages={7438--7452},
  year={2018},
  publisher={Wiley Online Library}
}

@article{gagliardini2010coupling,
  title={{C}oupling of ice-shelf melting and buttressing is a key process in ice-sheets dynamics},
  author={Gagliardini, Olivier and Durand, Geoffroy and Zwinger, Thomas and Hindmarsh, RCA and Le Meur, Emmanuel},
  journal={Geophysical Research Letters},
  volume={37},
  number={14},
  year={2010},
  publisher={Wiley Online Library}
}

@article{smethie2005circulation,
  title={{C}irculation and melting under the {R}oss {I}ce {S}helf: estimates from evolving {C}{F}{C}, salinity and temperature fields in the {R}oss {S}ea},
  author={Smethie Jr, William M and Jacobs, Stanley S},
  journal={Deep Sea Research Part I: Oceanographic Research Papers},
  volume={52},
  number={6},
  pages={959--978},
  year={2005},
  publisher={Elsevier}
}
@article{foster1983temperature,
  title={{T}he temperature and salinity fine structure of the ocean under the {R}oss {I}ce {S}helf},
  author={Foster, Theodore D},
  journal={Journal of Geophysical Research: Oceans},
  volume={88},
  number={C4},
  pages={2556--2564},
  year={1983},
  publisher={Wiley Online Library}
}


@article{arzeno2014ocean,
  title={{O}cean variability contributing to basal melt rate near the ice front of {R}oss {I}ce {S}helf, {A}ntarctica},
  author={Arzeno, Isabella B and Beardsley, Robert C and Limeburner, Richard and Owens, Breck and Padman, Laurie and Springer, Scott R and Stewart, Craig L and Williams, Michael JM},
  journal={Journal of Geophysical Research: Oceans},
  volume={119},
  number={7},
  pages={4214--4233},
  year={2014},
  publisher={Wiley Online Library}
}

@article{jenkins2006interactions,
  title={{I}nteractions between ice and ocean observed with phase-sensitive radar near an {A}ntarctic ice-shelf grounding line},
  author={Jenkins, Adrian and Corr, Hugh FJ and Nicholls, Keith W and Stewart, Craig L and Doake, Christopher SM},
  journal={Journal of Glaciology},
  volume={52},
  number={178},
  pages={325--346},
  year={2006},
  publisher={Cambridge University Press}
}

@article{naughten2021two,
  title={{T}wo-timescale response of a large {A}ntarctic ice shelf to climate change},
  author={Naughten, Kaitlin A and De Rydt, Jan and Rosier, Sebastian HR and Jenkins, Adrian and Holland, Paul R and Ridley, Jeff K},
  journal={Nature Communications},
  volume={12},
  number={1},
  pages={1--10},
  year={2021},
  publisher={Nature Publishing Group}
}

@article{randall2015freshwater,
  title={{F}reshwater distributions and water mass structure in the {A}mundsen {S}ea {P}olynya region, {A}ntarctica{F}reshwater distributions and water mass structure in the {A}{S}{P} region},
  author={Randall-Goodwin, E and Meredith, MP and Jenkins, Adrian and Yager, PL and Sherrell, RM and Abrahamsen, E Povl and Guerrero, R and Yuan, X and Mortlock, RA and Gavahan, K and others},
  journal={Elementa: Science of the Anthropocene},
  volume={3},
  year={2015},
  publisher={University of California Press}
}

@article{nepf1996intratidal,
  title={{I}ntratidal variations in stratification and mixing in the {H}udson estuary},
  author={Nepf, HM and Geyer, WR},
  journal={Journal of Geophysical Research: Oceans},
  volume={101},
  number={C5},
  pages={12079--12086},
  year={1996},
  publisher={Wiley Online Library}
}

@article{miles2016glider,
  title={{G}lider observations of the {D}otson {I}ce {S}helf outflow},
  author={Miles, Travis and Lee, Sang Hoon and W{\aa}hlin, Anna and Ha, Ho Kyung and Kim, Tae Wan and Assmann, Karen M and Schofield, Oscar},
  journal={Deep Sea Research Part II: Topical Studies in Oceanography},
  volume={123},
  pages={16--29},
  year={2016},
  publisher={Elsevier}
}
@article{straneo2010rapid,
  title={{R}apid circulation of warm subtropical waters in a major glacial fjord in {E}ast {G}reenland},
  author={Straneo, Fiammetta and Hamilton, Gordon S and Sutherland, David A and Stearns, Leigh A and Davidson, Fraser and Hammill, Mike O and Stenson, Garry B and Rosing-Asvid, Aqqalu},
  journal={Nature Geoscience},
  volume={3},
  number={3},
  pages={182--186},
  year={2010},
  publisher={Nature Publishing Group}
}

@article{xu2012numerical,
  title={{N}umerical experiments on subaqueous melting of {G}reenland tidewater glaciers in response to ocean warming and enhanced subglacial discharge},
  author={Xu, Yun and Rignot, Eric and Menemenlis, Dimitris and Koppes, Michele},
  journal={Annals of Glaciology},
  volume={53},
  number={60},
  pages={229--234},
  year={2012},
  publisher={Cambridge University Press}
}
@article{jacobs2011stronger,
  title={{S}tronger ocean circulation and increased melting under {P}ine {I}sland {G}lacier ice shelf},
  author={Jacobs, Stanley S and Jenkins, Adrian and Giulivi, Claudia F and Dutrieux, Pierre},
  journal={Nature Geoscience},
  volume={4},
  number={8},
  pages={519--523},
  year={2011},
  publisher={Nature Publishing Group}
}
@article{schodlok2012sensitivity,
  title={{S}ensitivity of the ice-shelf/ocean system to the sub-ice-shelf cavity shape measured by {N}{A}{S}{A} {I}ce{B}ridge in {P}ine {I}sland {G}lacier, {W}est {A}ntarctica},
  author={Schodlok, Michael P and Menemenlis, Dimitris and Rignot, Eric and Studinger, Michael},
  journal={Annals of Glaciology},
  volume={53},
  number={60},
  pages={156--162},
  year={2012},
  publisher={Cambridge University Press}
}
@article{dallaston2015channelization,
  title={{C}hannelization of plumes beneath ice shelves},
  author={Dallaston, MC and Hewitt, IJ and Wells, AJ},
  journal={Journal of Fluid Mechanics},
  volume={785},
  pages={109--134},
  year={2015},
  publisher={Cambridge University Press}
}
@article{holland2006effects,
  title={{T}he effects of rotation and ice shelf topography on frazil-laden ice shelf water plumes},
  author={Holland, Paul R and Feltham, Daniel L},
  journal={Journal of physical oceanography},
  volume={36},
  number={12},
  pages={2312--2327},
  year={2006}
}
@article{rutt2009glimmer,
  title={{T}he {G}limmer community ice sheet model},
  author={Rutt, Ian C and Hagdorn, M and Hulton, NRJ and Payne, AJ},
  journal={Journal of Geophysical Research: Earth Surface},
  volume={114},
  number={F2},
  year={2009},
  publisher={Wiley Online Library}
}
@article{rignot2013ice,
  title={{I}ce-shelf melting around {A}ntarctica},
  author={Rignot, Eric and Jacobs, S and Mouginot, Jeremie and Scheuchl, B},
  journal={Science},
  volume={341},
  number={6143},
  pages={266--270},
  year={2013},
  publisher={American Association for the Advancement of Science}
}
@article{liu2015ocean,
  title={{O}cean-driven thinning enhances iceberg calving and retreat of {A}ntarctic ice shelves},
  author={Liu, Yan and Moore, John C and Cheng, Xiao and Gladstone, Rupert M and Bassis, Jeremy N and Liu, Hongxing and Wen, Jiahong and Hui, Fengming},
  journal={Proceedings of the National Academy of Sciences},
  volume={112},
  number={11},
  pages={3263--3268},
  year={2015},
  publisher={National Acad Sciences}
}


@article{stewart2019basal,
  title={{B}asal melting of {R}oss {I}ce {S}helf from solar heat absorption in an ice-front polynya},
  author={Stewart, Craig L and Christoffersen, Poul and Nicholls, Keith W and Williams, Michael JM and Dowdeswell, Julian A},
  journal={Nature Geoscience},
  volume={12},
  number={6},
  pages={435--440},
  year={2019},
  publisher={Nature Publishing Group}
}
@article{rignot2004accelerated,
  title={{A}ccelerated ice discharge from the {A}ntarctic {P}eninsula following the collapse of {L}arsen {B} ice shelf},
  author={Rignot, Eric and Casassa, G and Gogineni, P and Krabill, W and Rivera, AU and Thomas, R},
  journal={Geophysical research letters},
  volume={31},
  number={18},
  year={2004},
  publisher={Wiley Online Library}
}


@article{vavnkova2020observations,
  title={{O}bservations of tidal melt and vertical strain at the {F}ilchner-{R}onne {I}ce {S}helf, {A}ntarctica},
  author={Va{\v{n}}kov{\'a}, Irena and Nicholls, Keith W and Corr, Hugh FJ and Makinson, Keith and Brennan, Paul V},
  journal={Journal of Geophysical Research: Earth Surface},
  volume={125},
  number={1},
  pages={e2019JF005280},
  year={2020},
  publisher={Wiley Online Library}
}
@MISC{vavnkova2021personal,
    author = {Va{\v{n}}kov{\'a}, Irena},
    title = {personal communication},
    year = {2021}
}
@article{dutrieux2014strong,
  title={{S}trong sensitivity of {P}ine {I}sland ice-shelf melting to climatic variability},
  author={Dutrieux, Pierre and De Rydt, Jan and Jenkins, Adrian and Holland, Paul R and Ha, Ho Kyung and Lee, Sang Hoon and Steig, Eric J and Ding, Qinghua and Abrahamsen, E Povl and Schr{\"o}der, Michael},
  journal={Science},
  volume={343},
  number={6167},
  pages={174--178},
  year={2014},
  publisher={American Association for the Advancement of Science}
}

@article{dutrieux2014basal,
  title={{B}asal terraces on melting ice shelves},
  author={Dutrieux, Pierre and Stewart, Craig L and Jenkins, Adrian and Nicholls, Keith W and Corr, Hugh FJ and Rignot, Eric and Steffen, Konrad},
  journal={Geophysical Research Letters},
  volume={41},
  number={15},
  pages={5506--5513},
  year={2014},
  publisher={Wiley Online Library}
}


@article{dupont2005assessment,
  title={{A}ssessment of the importance of ice-shelf buttressing to ice-sheet flow},
  author={Dupont, TK and Alley, RB},
  journal={Geophysical Research Letters},
  volume={32},
  number={4},
  year={2005},
  publisher={Wiley Online Library}
}

@article{case2022phase,
  title={{P}hase-sensitive radar as a tool for measuring firn compaction},
  author={Case, Elizabeth and Kingslake, Jonathan},
  journal={Journal of Glaciology},
  volume={68},
  number={267},
  pages={139--152},
  year={2022},
  publisher={Cambridge University Press}
}

@article{furst2016safety,
  title={{T}he safety band of {A}ntarctic ice shelves},
  author={F{\"u}rst, Johannes Jakob and Durand, Ga{\"e}l and Gillet-Chaulet, Fabien and Tavard, Laure and Rankl, Melanie and Braun, Matthias and Gagliardini, Olivier},
  journal={Nature Climate Change},
  volume={6},
  number={5},
  pages={479--482},
  year={2016},
  publisher={Nature Publishing Group}
}



% #https://doi.pangaea.de/10.1594/PANGAEA.819147
@article{jacobs1992melting,
  title={{M}elting of ice shelves and the mass balance of {A}ntarctica},
  author={Jacobs, SS and Helmer, HH and Doake, CSM and Jenkins, A and Frolich, RM},
  journal={Journal of Glaciology},
  volume={38},
  number={130},
  pages={375--387},
  year={1992},
  publisher={Cambridge University Press}
}



@article{alley2016impacts,
  title={{I}mpacts of warm water on {A}ntarctic ice shelf stability through basal channel formation},
  author={Alley, Karen E and Scambos, Ted A and Siegfried, Matthew R and Fricker, Helen Amanda},
  journal={Nature Geoscience},
  volume={9},
  number={4},
  pages={290--293},
  year={2016},
  publisher={Nature Publishing Group}
}


@article{smith2019land,
  title={{L}and ice height-retrieval algorithm for {N}{A}{S}{A}'s {I}{C}{E}{S}at-2 photon-counting laser altimeter},
  author={Smith, Benjamin and Fricker, Helen A and Holschuh, Nicholas and Gardner, Alex S and Adusumilli, Susheel and Brunt, Kelly M and Csatho, Beata and Harbeck, Kaitlin and Huth, Alex and Neumann, Thomas and others},
  journal={Remote Sensing of Environment},
  volume={233},
  pages={111352},
  year={2019},
  publisher={Elsevier}
}
@article{noh2015automated,
  title={{A}utomated stereo-photogrammetric {DEM} generation at high latitudes: {S}urface {E}xtraction with {TIN}-based {S}earch-space Minimization ({SETSM}) validation and demonstration over glaciated regions},
  author={Noh, Myoung-Jong and Howat, Ian M},
  journal={GIScience \& remote sensing},
  volume={52},
  number={2},
  pages={198--217},
  year={2015},
  publisher={Taylor \& Francis}
}

@article{howat2019reference,
  title={{T}he {R}eference {E}levation {M}odel of {A}ntarctica.},
  author={Howat, Ian M and Porter, Claire and Smith, Benjamin E and Noh, Myoung-Jong and Morin, Paul},
  journal={Cryosphere},
  volume={13},
  number={2},
  year={2019}
}
@article{kim2016active,
  title={{A}ctive subglacial lakes and channelized water flow beneath the {K}amb {I}ce {S}tream},
  author={Kim, Byeong-Hoon and Lee, Choon-Ki and Seo, Ki-Weon and Lee, Won Sang and Scambos, Ted},
  journal={The Cryosphere},
  volume={10},
  number={6},
  pages={2971--2980},
  year={2016},
  publisher={Copernicus GmbH}
}


@article{chartrand2020basal,
  title={{B}asal {C}hannel {E}volution on the {G}etz {I}ce {S}helf, {W}est {A}ntarctica},
  author={Chartrand, AM and Howat, IM},
  journal={Journal of Geophysical Research: Earth Surface},
  volume={125},
  number={9},
  pages={e2019JF005293},
  year={2020},
  publisher={Wiley Online Library}
}

@article{RoyLandsat8Scienceproduct2014,
   title = {Landsat-8: {{Science}} and Product Vision for Terrestrial
Global Change Research},
   author = {Roy, D.P. and Wulder, M.A. and Loveland, T.R. and C.E.,
Woodcock and Allen, R.G. and Anderson, M.C. and Helder, D. and Irons,
J.R. and Johnson, D.M. and Kennedy, R. and Scambos, T.A. and Schaaf,
C.B. and Schott, J.R. and Sheng, Y. and Vermote, E.F. and Belward, A.S.
and Bindschadler, R. and Cohen, W.B. and Gao, F. and Hipple, J.D. and
Hostert, P. and Huntington, J. and Justice, C.O. and Kilic, A. and
Kovalskyy, V. and Lee, Z.P. and Lymburner, L. and Masek, J.G. and
McCorkel, J. and Shuai, Y. and Trezza, R. and Vogelmann, J. and Wynne,
R.H. and Zhu, Z.},
   date = {2014-04},
   year = {2014},
   journal = {Remote Sensing of Environment},
   volume = {145},
   pages = {154--172},
   issn = {00344257},
   doi = {10.1016/j.rse.2014.02.001},
   langid = {english}
}

@article{berger2017detecting,
  title={{D}etecting high spatial variability of ice shelf basal mass balance, {R}oi {B}audouin {I}ce {S}helf, {A}ntarctica},
  author={Berger, Sophie and Drews, Reinhard and Helm, Veit and Sun, Sainan and Pattyn, Frank},
  journal={The Cryosphere},
  volume={11},
  number={6},
  pages={2675--2690},
  year={2017},
  publisher={Copernicus GmbH}
}




@article{brennan2014phase,
  title={{P}hase-sensitive {F}{M}{C}{W} radar system for high-precision {A}ntarctic ice shelf profile monitoring},
  author={Brennan, Paul V and Lok, Lai Bun and Nicholls, Keith and Corr, Hugh},
  journal={IET Radar, Sonar \& Navigation},
  volume={8},
  number={7},
  pages={776--786},
  year={2014},
  publisher={IET}
}

@article{washam2019summer,
  title={{S}ummer surface melt thins {P}etermann {G}letscher {I}ce {S}helf by enhancing channelized basal melt},
  author={Washam, Peter and Nicholls, Keith W and M{\"u}nchow, Andreas and Padman, Laurie},
  journal={Journal of Glaciology},
  volume={65},
  number={252},
  pages={662--674},
  year={2019},
  publisher={Cambridge University Press}
}

@article{mankoff2012role,
  title={{T}he role of {P}ine {I}sland {G}lacier ice shelf basal channels in deep-water upwelling, polynyas and ocean circulation in {P}ine {I}sland {B}ay, {A}ntarctica},
  author={Mankoff, Kenneth D and Jacobs, Stanley S and Tulaczyk, Slawek M and Stammerjohn, Sharon E},
  journal={Annals of Glaciology},
  volume={53},
  number={60},
  pages={123--128},
  year={2012},
  publisher={Cambridge University Press}
}


@article{shean2018ice,
  title={{I}ce shelf basal melt rates from a high-resolution {D}{E}{M} record for {P}ine {I}sland {G}lacier, {A}ntarctica},
  author={Shean, David E and Joughin, Ian R and Dutrieux, Pierre and Smith, Benjamin E and Berthier, Etienne},
  journal={The Cryosphere Discussions},
  year={2018}
}

@article{jeofry2018hard,
  title={{H}ard rock landforms generate 130 km ice shelf channels through water focusing in basal corrugations},
  author={Jeofry, Hafeez and Ross, Neil and Le Brocq, Anne and Graham, Alastair GC and Li, Jilu and Gogineni, Prasad and Morlighem, Mathieu and Jordan, Thomas and Siegert, Martin J},
  journal={Nature Communications},
  volume={9},
  number={1},
  pages={1--9},
  year={2018},
  publisher={Nature Publishing Group}
}



@article{gourmelen2017channelized,
  title={{C}hannelized melting drives thinning under a rapidly melting {A}ntarctic ice shelf},
  author={Gourmelen, Noel and Goldberg, Dan N and Snow, Kate and Henley, Sian F and Bingham, Robert G and Kimura, Satoshi and Hogg, Anna E and Shepherd, Andrew and Mouginot, Jeremie and Lenaerts, Jan TM and others},
  journal={Geophysical Research Letters},
  volume={44},
  number={19},
  pages={9796--9804},
  year={2017},
  publisher={Wiley Online Library}
}


@article{drews2020atmospheric,
  title={{A}tmospheric and oceanographic signatures in the ice-shelf channel morphology of {R}oi {B}audouin {I}ce {S}helf, {E}ast {A}ntarctica, inferred from radar data},
  author={Drews, R and Schannwell, C and Ehlers, TA and Gladstone, R and Pattyn, Frank and Matsuoka, K},
  journal={Journal of Geophysical Research: Earth Surface},
  pages={e2020JF005587},
  year={2020},
  publisher={Wiley Online Library}
}


@article{le2009subglacial,
  title={{A} subglacial water-flow model for {W}est {A}ntarctica},
  author={Le Brocq, Anne M and Payne, AJ and Siegert, MJ and Alley, Richard B},
  journal={Journal of Glaciology},
  volume={55},
  number={193},
  pages={879--888},
  year={2009},
  publisher={Cambridge University Press}
}

@article{dowdeswell2004investigations,
  title={{I}nvestigations of the form and flow of ice sheets and glaciers using radio-echo sounding},
  author={Dowdeswell, Julian A and Evans, Stanley},
  journal={Reports on Progress in Physics},
  volume={67},
  number={10},
  pages={1821},
  year={2004},
  publisher={IOP Publishing}
}

@article{smith2009inventory,
  title={{A}n inventory of active subglacial lakes in {A}ntarctica detected by {I}{C}{E}{S}at (2003--2008)},
  author={Smith, Benjamin E and Fricker, Helen A and Joughin, Ian R and Tulaczyk, Slawek},
  journal={Journal of Glaciology},
  volume={55},
  number={192},
  pages={573--595},
  year={2009},
  publisher={Cambridge University Press}
}



@article{hewitt2020subglacial,
  title={{S}ubglacial {P}lumes},
  author={Hewitt, Ian J},
  journal={Annual Review of Fluid Mechanics},
  volume={52},
  pages={145--169},
  year={2020},
  publisher={Annual Reviews}
}


@article{kozeny1927kapillare,
  title={{\"{U}}ber kapillare {L}eitung des {W}assers im {B}oden, {S}itz. der {W}ien},
  author={Kozeny, J},
  journal={Akad. der Wissenschaften},
  volume={136},
  year={1927}
}

@article{winberry2011dynamics,
  title={{D}ynamics of stick--slip motion, {W}hillans {I}ce {S}tream, {A}ntarctica},
  author={Winberry, J Paul and Anandakrishnan, Sridhar and Wiens, Douglas A and Alley, Richard B and Christianson, Knut},
  journal={Earth and Planetary Science Letters},
  volume={305},
  number={3-4},
  pages={283--289},
  year={2011},
  publisher={Elsevier}
}

@article{pattyn2018greenland,
  title={{T}he {G}reenland and {A}ntarctic ice sheets under 1.5 degrees {C} global warming},
  author={Pattyn, Frank and Ritz, Catherine and Hanna, Edward and Asay-Davis, Xylar and DeConto, Rob and Durand, Ga{\"e}l and Favier, Lionel and Fettweis, Xavier and Goelzer, Heiko and Golledge, Nicholas R and others},
  journal={Nature climate change},
  pages={1},
  year={2018},
  publisher={Nature Publishing Group}
}

@article{livingstone2013potential,
  title={{P}otential subglacial lake locations and meltwater drainage pathways beneath the {A}ntarctic and {G}reenland ice sheets},
  author={Livingstone, Stephen and Clark, Chris and Woodward, John and Kingslake, Jonathan},
  journal={Cryosphere},
  volume={7},
  number={6},
  pages={1721--1740},
  year={2013},
  publisher={Coperincus Gesellschaft GmbH}
}


@article{whiteford1994conductive,
  title={{C}onductive heat flow through the sediments in {{L}ake {R}otomahana, {N}ew {Z}ealand}},
  author={Whiteford, PC and Graham, DJ},
  journal={Geothermics},
  volume={23},
  number={5-6},
  pages={527--538},
  year={1994},
  publisher={Elsevier}
}



@article{pattyn2003new,
  title={{A} new three-dimensional higher-order thermomechanical ice sheet model: {B}asic sensitivity, ice stream development, and ice flow across subglacial lakes},
  author={Pattyn, Frank},
  journal={Journal of Geophysical Research: Solid Earth},
  volume={108},
  number={B8},
  year={2003},
  publisher={Wiley Online Library}
}


@article{simkins2017anatomy,
  title={{A}natomy of a meltwater drainage system beneath the ancestral {{E}}ast {{A}}ntarctic ice sheet},
  author={Simkins, Lauren M and Anderson, John B and Greenwood, Sarah L and Gonnermann, Helge M and Prothro, Lindsay O and Halberstadt, Anna Ruth W and Stearns, Leigh A and Pollard, David and DeConto, Robert M},
  journal={Nature Geoscience},
  volume={10},
  number={9},
  pages={691},
  year={2017},
  publisher={Nature Publishing Group}
}

@book{greve2009dynamics,
  title={{D}ynamics of ice sheets and glaciers},
  author={Greve, Ralf and Blatter, Heinz},
  year={2009},
  publisher={Springer Science \& Business Media}
}
@article{lewis2006age,
  title={{T}he age and origin of the {L}abyrinth, western {{D}}ry {{V}}alleys, {{{A}}ntarctica}: {E}vidence for extensive middle {M}iocene subglacial floods and freshwater discharge to the {S}outhern {O}cean},
  author={Lewis, Adam R and Marchant, David R and Kowalewski, Douglas E and Baldwin, Suzanne L and Webb, Laura E},
  journal={Geology},
  volume={34},
  number={7},
  pages={513--516},
  year={2006},
  publisher={Geological Society of America}
}
@article{santis2018ross,
  title={{E}xploring the unknown of the {R}oss {S}ea in sea ice–free conditions},
  author={De Santis, L and Colleoni, F and Bergamasco, A and Rebesco, M and Accettella, D  and Kovacevic, V  and Gales, J  and Sookwan, K and Olivo, E},
  journal={Eos},
  volume={99},
  year={2018},
  doi={https://doi.org/10.1029/2018EO106159},
  publisher={Geological Society of America}
}
@article{colleoni2018spatio,
  title={{S}patio-temporal variability of processes across {A}ntarctic ice-bed--ocean interfaces},
  author={Colleoni, Florence and De Santis, Laura and Siddoway, Christine S and Bergamasco, Andrea and Golledge, Nicholas R and Lohmann, Gerrit and Passchier, Sandra and Siegert, Martin J},
  journal={Nature Communications},
  volume={9},
  number={1},
  pages={1--14},
  year={2018},
  publisher={Nature Publishing Group}
}

@article{schoof2006variational,
  title={{V}ariational methods for glacier flow over plastic till},
  author={Schoof, Christian},
  journal={Journal of Fluid Mechanics},
  volume={555},
  pages={299--320},
  year={2006},
  publisher={Cambridge University Press}
}

@article{werder2013modeling,
  title={{M}odeling channelized and distributed subglacial drainage in two dimensions},
  author={Werder, Mauro A and Hewitt, Ian J and Schoof, Christian G and Flowers, Gwenn E},
  journal={Journal of Geophysical Research: Earth Surface},
  volume={118},
  number={4},
  pages={2140--2158},
  year={2013},
  publisher={Wiley Online Library}
}

@article{hewitt2012flotation,
  title={{F}lotation and free surface flow in a model for subglacial drainage. {P}art 2. {C}hannel flow},
  author={Hewitt, IJ and Schoof, C and Werder, MA},
  journal={Journal of Fluid Mechanics},
  volume={702},
  pages={157--187},
  year={2012},
  publisher={Cambridge University Press}
}

@article{schoof2012flotation,
  title={{F}lotation and free surface flow in a model for subglacial drainage. {P}art 1. {D}istributed drainage},
  author={Schoof, Christian and Hewitt, Ian J and Werder, Mauro A},
  journal={Journal of Fluid Mechanics},
  volume={702},
  pages={126--156},
  year={2012},
  publisher={Cambridge University Press}
}

@article{yokoyama2016widespread,
  title={{W}idespread collapse of the {R}oss {I}ce {S}helf during the late {H}olocene},
  author={Yokoyama, Yusuke and Anderson, John B and Yamane, Masako and Simkins, Lauren M and Miyairi, Yosuke and Yamazaki, Takahiro and Koizumi, Mamito and Suga, Hisami and Kusahara, Kazuya and Prothro, Lindsay and others},
  journal={Proceedings of the National Academy of Sciences},
  volume={113},
  number={9},
  pages={2354--2359},
  year={2016},
  publisher={National Acad Sciences}
}
@article{zotikov1980core,
  title={{C}ore drilling through the {R}oss {I}ce {S}helf ({A}ntarctica) confirmed basal freezing},
  author={Zotikov, Igor A and Zagorodnov, Victor S and Raikovsky, Juriy V},
  journal={Science},
  volume={207},
  number={4438},
  pages={1463--1465},
  year={1980},
  publisher={American Association for the Advancement of Science}
}
@article{katz2010stability,
  title={{S}tability of ice-sheet grounding lines},
  author={Katz, Richard F and Worster, M Grae},
  journal={Proceedings of the Royal Society A: Mathematical, Physical and Engineering Sciences},
  volume={466},
  number={2118},
  pages={1597--1620},
  year={2010},
  publisher={The Royal Society Publishing}
}
@article{moholdt2014basal,
  title={{B}asal mass budget of {R}oss and {F}ilchner-{R}onne ice shelves, {A}ntarctica, derived from {L}agrangian analysis of {I}{C}{E}{S}at altimetry},
  author={Moholdt, Geir and Padman, Laurie and Fricker, Helen Amanda},
  journal={Journal of Geophysical Research: Earth Surface},
  volume={119},
  number={11},
  pages={2361--2380},
  year={2014},
  publisher={Wiley Online Library}
}

@article{das2020multidecadal,
  title={{M}ultidecadal basal melt rates and structure of the {R}oss {I}ce {S}helf, {A}ntarctica, using airborne ice penetrating radar},
  author={Das, Indrani and Padman, Laurie and Bell, Robin E and Fricker, Helen A and Tinto, Kirsty J and Hulbe, Christina L and Siddoway, Christine S and Dhakal, Tejendra and Frearson, Nicholas P and Mosbeux, Cyrille and others},
  journal={Journal of Geophysical Research: Earth Surface},
  volume={125},
  number={3},
  pages={e2019JF005241},
  year={2020},
  publisher={Wiley Online Library}
}

@article{robinson2014evolution,
  title={{E}volution of a supercooled {I}ce {S}helf {W}ater plume with an actively growing subice platelet matrix},
  author={Robinson, Natalie J and Williams, Michael JM and Stevens, Craig L and Langhorne, Patricia J and Haskell, Timothy G},
  journal={Journal of Geophysical Research: Oceans},
  volume={119},
  number={6},
  pages={3425--3446},
  year={2014},
  publisher={Wiley Online Library}
}

@article{castagno2017temporal,
  title={{T}emporal variability of the {C}ircumpolar {D}eep {W}ater inflow onto the {R}oss {S}ea continental shelf},
  author={Castagno, Pasquale and Falco, Pierpaolo and Dinniman, Michael S and Spezie, Giancarlo and Budillon, Giorgio},
  journal={Journal of Marine Systems},
  volume={166},
  pages={37--49},
  year={2017},
  publisher={Elsevier}
}

@article{dinniman2011model,
  title={{A} model study of {C}ircumpolar {D}eep {W}ater on the {W}est {A}ntarctic {P}eninsula and {R}oss {S}ea continental shelves},
  author={Dinniman, Michael S and Klinck, John M and Smith Jr, Walker O},
  journal={Deep Sea Research Part II: Topical Studies in Oceanography},
  volume={58},
  number={13-16},
  pages={1508--1523},
  year={2011},
  publisher={Elsevier}
}

@article{mckay2008retreat,
  title={{R}etreat history of the {R}oss {I}ce {S}heet ({S}helf) since the {L}ast {G}lacial {M}aximum from deep-basin sediment cores around {R}oss {I}sland},
  author={McKay, RM and Dunbar, GB and Naish, TR and Barrett, PJ and Carter, L and Harper, M},
  journal={Palaeogeography, Palaeoclimatology, Palaeoecology},
  volume={260},
  number={1-2},
  pages={245--261},
  year={2008},
  publisher={Elsevier}
}
@inproceedings{mckinlay1975representative,
  title={{R}epresentative sampling and testing in fissured lodgement tills},
  author={McKinlay, DG and McGown, A and Radwan, AM and Hossain, D},
  booktitle={{P}roceedings of the {M}idland {S}oil {M}echanics and {F}oundation {E}ngineering {S}ociety {S}ymposium on {T}he {E}ngineering {B}ehaviour of {G}lacial {M}aterials},
  pages={143--55},
  year={1975}
}

@article{kyrke2014subglacial,
  title={{S}ubglacial hydrology and the formation of ice streams},
  author={Kyrke-Smith, TM and Katz, RF and Fowler, AC},
  journal={Proc. R. Soc. A},
  volume={470},
  number={2161},
  pages={20130494},
  year={2014},
  publisher={The Royal Society}
}

@article{iverson1998ring,
  title={{R}ing-shear studies of till deformation: {C}oulomb-plastic behavior and distributed strain in glacier beds},
  author={Iverson, Neal R and Hooyer, Thomas S and Baker, Robert W},
  journal={Journal of Glaciology},
  volume={44},
  number={148},
  pages={634--642},
  year={1998},
  publisher={Cambridge University Press}
}

@book{carman1956flow,
  title={{F}low of gases through porous media},
  author={Carman, Philip Crosbie},
  year={1956},
  publisher={Academic press}
}

@article{lliboutry1968general,
  title={{G}eneral theory of subglacial cavitation and sliding of temperate glaciers},
  author={Lliboutry, Louis},
  journal={Journal of Glaciology},
  volume={7},
  number={49},
  pages={21--58},
  year={1968},
  publisher={Cambridge University Press}
}

@inproceedings{fowler1986sliding,
  title={{A} sliding law for glaciers of constant viscosity in the presence of subglacial cavitation},
  author={Fowler, AC},
  booktitle={{P}roceedings of the {R}oyal {S}ociety of {L}ondon {A}: {M}athematical, {P}hysical and {E}ngineering {S}ciences},
  volume={407},
  number={1832},
  pages={147--170},
  year={1986},
  organization={The Royal Society}
}


@article{anderson2004strong,
  title={{S}trong feedbacks between hydrology and sliding of a small alpine glacier},
  author={Anderson, Robert S and Anderson, Suzanne P and MacGregor, Kelly R and Waddington, Edwin D and O'Neel, Shad and Riihimaki, Catherine A and Loso, Michael G},
  journal={Journal of Geophysical Research: Earth Surface},
  volume={109},
  number={F3},
  year={2004},
  publisher={Wiley Online Library}
}

@inbook{sealevelIPCC,
   author = {Church, J.A. and Clark, P.U. and Cazenave, A. and Gregory, J.M. and Jevrejeva, S. and Levermann, A. and Merrifield, M.A. and Milne, G.A. and Nerem, R.S. and Nunn, P.D. and Payne, A.J. and Pfeffer, W.T. and Stammer, D. and Unnikrishnan, A.S.},
   title = {Sea Level Change},
   booktitle = {Climate Change 2013: The Physical Science Basis. Contribution of Working Group I to the Fifth Assessment Report of the Intergovernmental Panel on Climate Change},
   editor = {Stocker, T.F. and Qin, D. and Plattner, G.-K. and Tignor, M. and Allen, S.K. and Boschung, J. and Nauels, A. and Xia, Y. and Bex, V. and Midgley, P.M.},
   publisher = {Cambridge University Press},
   address = {Cambridge, United Kingdom and New York, NY, USA},
   chapter = {13},
   pages = {1137–1216},
   ISBN = {ISBN 978-1-107-66182-0},
   DOI = {10.1017/CBO9781107415324.026},
   url = {www.climatechange2013.org},
   year = {2013},
   type = {Book Section}
}

%Sees lakes draining
@article{wingham2006rapid,
  title={{R}apid discharge connects {{A}}ntarctic subglacial lakes},
  author={Wingham, Duncan J and Siegert, Martin J and Shepherd, Andrew and Muir, Alan S},
  journal={Nature},
  volume={440},
  number={7087},
  pages={1033--1036},
  year={2006},
  publisher={Nature Publishing Group}
}
%Sees lakes draining and sees increase in ice velocity
@article{stearns2008increased,
  title={{I}ncreased flow speed on a large {{E}}ast {{A}}ntarctic outlet glacier caused by subglacial floods},
  author={Stearns, Leigh A and Smith, Benjamin E and Hamilton, Gordon S},
  journal={Nature Geoscience},
  volume={1},
  number={12},
  pages={827--831},
  year={2008},
  publisher={Nature Publishing Group}
}
% These observations reveal a wide spread, dynamic subglacial water system that may exert an important control on ice flow and mass balance.
@article{fricker2007active,
  title={{A}n active subglacial water system in {{W}}est {{A}}ntarctica mapped from space},
  author={Fricker, Helen Amanda and Scambos, Ted and Bindschadler, Robert and Padman, Laurie},
  journal={Science},
  volume={315},
  number={5818},
  pages={1544--1548},
  year={2007},
  publisher={American Association for the Advancement of Science}
}

@article{weertman1974stability,
  title={{S}tability of the junction of an ice sheet and an ice shelf},
  author={Weertman, Johannes},
  journal={Journal of Glaciology},
  volume={13},
  number={67},
  pages={3--11},
  year={1974},
  publisher={Cambridge University Press}
}
@article{hindmarsh1996stability,
  title={{S}tability of ice rises and uncoupled marine ice sheets},
  author={Hindmarsh, RCA},
  journal={Annals of Glaciology},
  volume={23},
  pages={105--115},
  year={1996},
  publisher={Cambridge University Press}
}
@article{christianson2016basal,
  title={{B}asal conditions at the grounding zone of {W}hillans {I}ce {S}tream, {W}est {A}ntarctica, from ice-penetrating radar},
  author={Christianson, Knut and Jacobel, Robert W and Horgan, Huw J and Alley, Richard B and Anandakrishnan, Sridhar and Holland, David M and DallaSanta, Kevin J},
  journal={Journal of Geophysical Research: Earth Surface},
  volume={121},
  number={11},
  pages={1954--1983},
  year={2016},
  publisher={Wiley Online Library}
}
@article{horgan2013sediment,
  title={{S}ediment deposition at the modern grounding zone of {W}hillans {I}ce {S}tream, {W}est {A}ntarctica},
  author={Horgan, Huw J and Christianson, Knut and Jacobel, Robert W and Anandakrishnan, Sridhar and Alley, Richard B},
  journal={Geophysical Research Letters},
  volume={40},
  number={15},
  pages={3934--3939},
  year={2013},
  publisher={Wiley Online Library}
}

@article{walker2013ice,
  title={{I}ce-shelf tidal flexure and subglacial pressure variations},
  author={Walker, Ryan T and Parizek, Byron R and Alley, Richard B and Anandakrishnan, Sridhar and Riverman, Kiya L and Christianson, Knut},
  journal={Earth and Planetary Science Letters},
  volume={361},
  pages={422--428},
  year={2013},
  publisher={Elsevier}
}

@article{sayag2013elastic,
  title={{E}lastic dynamics and tidal migration of grounding lines modify subglacial lubrication and melting},
  author={Sayag, R and Worster, M Grae},
  journal={Geophysical Research Letters},
  volume={40},
  number={22},
  pages={5877--5881},
  year={2013},
  publisher={Wiley Online Library}
}

@article{conway1999past,
  title={{P}ast and future grounding-line retreat of the {W}est {A}ntarctic {I}ce {S}heet},
  author={Conway, H and Hall, BL and Denton, GH and Gades, AM and Waddington, ED},
  journal={Science},
  volume={286},
  number={5438},
  pages={280--283},
  year={1999},
  publisher={American Association for the Advancement of Science}
}

@article{favier2014retreat,
  title={{R}etreat of {P}ine {I}sland {G}lacier controlled by marine ice-sheet instability},
  author={Favier, Lionel and Durand, Gael and Cornford, Stephen L and Gudmundsson, G Hilmar and Gagliardini, Olivier and Gillet-Chaulet, Fabien and Zwinger, Thomas and Payne, AJ and Le Brocq, Anne M},
  journal={Nature Climate Change},
  volume={4},
  number={2},
  pages={117--121},
  year={2014},
  publisher={Nature Publishing Group}
}
@article{joughin2014marine,
  title={{M}arine ice sheet collapse potentially under way for the {T}hwaites {G}lacier {B}asin, {W}est {A}ntarctica},
  author={Joughin, Ian and Smith, Benjamin E and Medley, Brooke},
  journal={Science},
  volume={344},
  number={6185},
  pages={735--738},
  year={2014},
  publisher={American Association for the Advancement of Science}
}
@article{vaughan2008west,
  title={{W}est {A}ntarctic {I}ce {S}heet collapse--the fall and rise of a paradigm},
  author={Vaughan, David G},
  journal={Climatic Change},
  volume={91},
  number={1},
  pages={65--79},
  year={2008},
  publisher={Springer}
}
@article{gudmundsson2013ice,
  title={{I}ce-shelf buttressing and the stability of marine ice sheets},
  author={Gudmundsson, GH},
  journal={The Cryosphere},
  volume={7},
  number={2},
  pages={647--655},
  year={2013},
  publisher={Copernicus GmbH}
}
@article{hellmer2012twenty,
  title={{T}wenty-first-century warming of a large {A}ntarctic ice-shelf cavity by a redirected coastal current},
  author={Hellmer, Hartmut H and Kauker, Frank and Timmermann, Ralph and Determann, J{\"u}rgen and Rae, Jamie},
  journal={Nature},
  volume={485},
  number={7397},
  pages={225--228},
  year={2012},
  publisher={Nature Publishing Group}
}

@article{hoffman2014feedbacks,
  title={{F}eedbacks between coupled subglacial hydrology and glacier dynamics},
  author={Hoffman, Matthew and Price, Stephen},
  journal={Journal of Geophysical Research: Earth Surface},
  volume={119},
  number={3},
  pages={414--436},
  year={2014},
  publisher={Wiley Online Library}
}

@article{budd1979empirical,
  title={{E}mpirical studies of ice sliding},
  author={Budd, WF and Keage, PL and Blundy, NA},
  journal={Journal of glaciology},
  volume={23},
  number={89},
  pages={157--170},
  year={1979},
  publisher={International Glaciological Society}
}  

@article{bindschadler1983importance,
  title={{T}he importance of pressurized subglacial water in separation and sliding at the glacier bed},
  author={Bindschadler, Robert},
  journal={Journal of Glaciology},
  volume={29},
  number={101},
  pages={3--19},
  year={1983},
  publisher={International Glaciological Society}
}

@article{fowler1987sliding,
  title={{S}liding with cavity formation},
  author={Fowler, AC},
  journal={Journal of Glaciology},
  volume={33},
  number={115},
  pages={255--267},
  year={1987},
  publisher={International Glaciological Society}
}

@article{nye1976water,
  title={{W}ater flow in glaciers: j{\"o}kulhlaups, tunnels and veins},
  author={Nye, JF},
  journal={Journal of Glaciology},
  volume={17},
  number={76},
  pages={181--207},
  year={1976},
  publisher={International Glaciological Society}
}

@article{alley2003sediment,
  title={{S}ediment, glaciohydraulic supercooling, and fast glacier flow},
  author={Alley, Richard B and Lawson, Daniel E and Evenson, Edward B and Larson, Grahame J},
  journal={Annals of Glaciology},
  volume={36},
  number={1},
  pages={135--141},
  year={2003},
  publisher={International Glaciological Society}
}

@article{larour2012continental,
  title={{C}ontinental scale, high order, high spatial resolution, ice sheet modeling using the {I}ce {S}heet {S}ystem {M}odel ({I}{S}{S}{M})},
  author={Larour, E and Seroussi, H and Morlighem, M and Rignot, E},
  journal={Journal of Geophysical Research: Earth Surface},
  volume={117},
  number={F1},
  year={2012},
  publisher={Wiley Online Library}
}

@article{weertman1957sliding,
  title={{O}n the sliding of glaciers},
  author={Weertman, Johannes},
  journal={Journal of glaciology},
  volume={3},
  number={21},
  pages={33--38},
  year={1957},
  publisher={Cambridge University Press}
}

@article{boulton1987sediment,
  title={{S}ediment deformation beneath glaciers: rheology and geological consequences},
  author={Boulton, GS and Hindmarsh, RCA},
  journal={Journal of Geophysical Research: Solid Earth},
  volume={92},
  number={B9},
  pages={9059--9082},
  year={1987},
  publisher={Wiley Online Library}
}

@book{paterson2016physics,
  title={{T}he physics of glaciers},
  author={Paterson, William Stanley Bryce},
  year={2016},
  publisher={Elsevier}
}

@inproceedings{schoof2005effect,
  title={{T}he effect of cavitation on glacier sliding},
  author={Schoof, Christian},
  booktitle={{P}roceedings of the {R}oyal {S}ociety of {L}ondon {A}: {M}athematical, {P}hysical and {E}ngineering {S}ciences},
  volume={461},
  number={2055},
  pages={609--627},
  year={2005},
  organization={The Royal Society}
}

@article{clarke1987subglacial,
  title={{S}ubglacial till: a physical framework for its properties and processes},
  author={Clarke, Garry KC},
  journal={J. geophys. Res},
  volume={92},
  number={B9},
  pages={8942--8984},
  year={1987}
}

@article{siegert2005revised,
  title={{A} revised inventory of {{A}}ntarctic subglacial lakes},
  author={Siegert, Martin J and Carter, Sasha and Tabacco, Ignazio and Popov, Sergey and Blankenship, Donald D},
  journal={{A}ntarctic Science},
  volume={17},
  number={3},
  pages={453--460},
  year={2005},
  publisher={Cambridge University Press}
}

@misc{bindschadler2014, title={{M}eet {{A}}ntarctica}, url={https://lima.nasa.gov/antarctica/}, journal={{L}andsat {I}mage {M}osaic of {A}ntarctica}, publisher={{N}{A}{S}{A}}, author={{B}indschadler, {R}obert {A}.}, year={2014}, month={{J}un}}

@article{walder1982stability,
  title={{S}tability of sheet flow of water beneath temperate glaciers and implications for glacier surging},
  author={Walder, Joseph S},
  journal={Journal of Glaciology},
  volume={28},
  number={99},
  pages={273--293},
  year={1982},
  publisher={International Glaciological Society}
}

@book{bear2013dynamics,
  title={{D}ynamics of fluids in porous media},
  author={Bear, Jacob},
  year={2013},
  publisher={Courier Corporation}
}

@book{hillel2013fundamentals,
  title={{F}undamentals of soil physics},
  author={Hillel, Daniel},
  year={2013},
  publisher={Academic press}
}

@article{boulton1974nature,
  title={{T}he nature and rates of post-depositional changes in recently deposited till from south-east {I}celand},
  author={Boulton, Geoffrey Stewart and Dent, DL},
  journal={Geografiska Annaler. Series A. Physical Geography},
  pages={121--134},
  year={1974},
  publisher={JSTOR}
}

%LAKES AND ABOUT THEM
@article{wright2012fourth,
  title={{A} fourth inventory of {{A}}ntarctic subglacial lakes},
  author={Wright, Andrew and Siegert, Martin},
  journal={{A}ntarctic Science},
  volume={24},
  number={06},
  pages={659--664},
  year={2012},
  publisher={Cambridge Univ Press}
}


@article{iken1986combined,
  title={{C}ombined measurements of subglacial water pressure and surface velocity of{ {F}indelengletscher, {S}witzerland:} conclusions about drainage system and sliding mechanism},
  author={Iken, Almut and Bindschadler, Robert A},
  journal={Journal of Glaciology},
  volume={32},
  number={110},
  pages={101--119},
  year={1986},
  publisher={Cambridge University Press}
}

@article{siegert2000subglacial,
  title={{S}ubglacial water at the heads of {{A}}ntarctic ice-stream tributaries},
  author={Siegert, Martin J and Bamber, Jonathan L},
  journal={Journal of Glaciology},
  volume={46},
  pages={702--703},
  year={2000}
}
@article{fricker2009connected,
  title={{C}onnected subglacial lake activity on lower {M}ercer and {W}hillans ice streams, {{W}}est {{A}}ntarctica, 2003--2008},
  author={Fricker, Helen Amanda and Scambos, Ted},
  journal={Journal of Glaciology},
  volume={55},
  number={190},
  pages={303--315},
  year={2009},
  publisher={International Glaciological Society}
}

@article{pritchard2012antarctic,
  title={{{A}}ntarctic ice-sheet loss driven by basal melting of ice shelves},
  author={Pritchard, HDx and Ligtenberg, SRM and Fricker, HA and Vaughan, DG and Van den Broeke, MR and Padman, L},
  journal={Nature},
  volume={484},
  number={7395},
  pages={502--505},
  year={2012},
  publisher={Nature Research}
}

@article{rignot2011ice,
  title={{I}ce flow of the {{A}}ntarctic ice sheet},
  author={Rignot, E and Mouginot, J and Scheuchl, B},
  journal={Science},
  volume={333},
  number={6048},
  pages={1427--1430},
  year={2011},
  publisher={American Association for the Advancement of Science}
}

@article{payne2004recent,
  title={{R}ecent dramatic thinning of largest {{W}}est {{A}}ntarctic ice stream triggered by oceans},
  author={Payne, Antony J and Vieli, Andreas and Shepherd, Andrew P and Wingham, Duncan J and Rignot, Eric},
  journal={Geophysical Research Letters},
  volume={31},
  number={23},
  year={2004},
  publisher={Wiley Online Library}
}

@article{schoof2010ice,
  title={{I}ce-sheet acceleration driven by melt supply variability},
  author={Schoof, Christian},
  journal={Nature},
  volume={468},
  number={7325},
  pages={803},
  year={2010},
  publisher={Nature Publishing Group}
}

@article{willis1995intra,
  title={{I}ntra-annual variations in glacier motion: a review},
  author={Willis, Ian C},
  journal={Progress in Physical Geography},
  volume={19},
  number={1},
  pages={61--106},
  year={1995},
  publisher={Sage Publications Sage CA: Thousand Oaks, CA}
}

@article{anandakrishnan1997stagnation,
  title={{S}tagnation of ice stream {C}, {{W}}est {{A}}ntarctica by water piracy},
  author={Anandakrishnan, Sridhar and Alley, Richard B},
  journal={Geophysical Research Letters},
  volume={24},
  number={3},
  pages={265--268},
  year={1997},
  publisher={Wiley Online Library}
}

@article{morgan1982outlet,
  title={{O}utlet glacier and mass-budget studies in {E}nderby, {K}emp, and {M}ac. {R}obertson {L}ands, {{A}}ntarctica},
  author={Morgan, VI and Jacka, TH and Akerman, GJ and Clarke, AL},
  journal={Annals of Glaciology},
  volume={3},
  number={1},
  pages={204--210},
  year={1982},
  publisher={International Glaciological Society}
}

@article{pattyn2010antarctic,
  title={{{A}}ntarctic subglacial conditions inferred from a hybrid ice sheet/ice stream model},
  author={Pattyn, Frank},
  journal={Earth and Planetary Science Letters},
  volume={295},
  number={3},
  pages={451--461},
  year={2010},
  publisher={Elsevier}
}

@article{kessler2004testing,
  title={{T}esting a numerical glacial hydrological model using spring speed-up events and outburst floods},
  author={Kessler, Mark A and Anderson, Robert S},
  journal={Geophysical Research Letters},
  volume={31},
  number={18},
  year={2004},
  publisher={Wiley Online Library}
}

@article{hubbard1997alpine,
  title={{A}lpine subglacial hydrology},
  author={Hubbard, Bryn and Nienow, Peter},
  journal={Quaternary Science Reviews},
  volume={16},
  number={9},
  pages={939--955},
  year={1997},
  publisher={Elsevier}
}

@article{schoof2014oscillatory,
  title={{O}scillatory subglacial drainage in the absence of surface melt},
  author={Schoof, C and Rada, CA and Wilson, NJ and Flowers, GE and Haseloff, M},
  journal={The Cryosphere},
  volume={8},
  number={3},
  pages={959--976},
  year={2014},
  publisher={Copernicus GmbH}
}

@article{morlighem2013inversion,
  title={{I}nversion of basal friction in {{A}}ntarctica using exact and incomplete adjoints of a higher-order model},
  author={Morlighem, M and Seroussi, H and Larour, E and Rignot, E},
  journal={Journal of Geophysical Research: Earth Surface},
  volume={118},
  number={3},
  pages={1746--1753},
  year={2013},
  publisher={Wiley Online Library}
}

@article{rose1979characteristics,
  title={{C}haracteristics of ice flow in {{M}arie {B}yrd {L}and}, {{A}}ntarctica},
  author={Rose, KE},
  journal={Journal of Glaciology},
  volume={24},
  number={90},
  pages={63--75},
  year={1979},
  publisher={International Glaciological Society}
}
@article{winberry2009basal,
  title={{B}asal mechanics of ice streams: {I}nsights from the stick-slip motion of {W}hillans {I}ce {S}tream, {W}est {A}ntarctica},
  author={Winberry, J Paul and Anandakrishnan, Sridhar and Alley, Richard B and Bindschadler, Robert A and King, Matt A},
  journal={Journal of Geophysical Research: Earth Surface},
  volume={114},
  number={F1},
  year={2009},
  publisher={Wiley Online Library}
}


@article{anandakrishnan2003ice,
  title={{I}ce stream {D} flow speed is strongly modulated by the tide beneath the {R}oss {I}ce {S}helf},
  author={Anandakrishnan, S and Voigt, DE and Alley, RB and King, MA},
  journal={Geophysical Research Letters},
  volume={30},
  number={7},
  year={2003},
  publisher={Wiley Online Library}
}
@article{jamieson2012ice,
  title={{I}ce-stream stability on a reverse bed slope},
  author={Jamieson, Stewart SR and Vieli, Andreas and Livingstone, Stephen J and Cofaigh, Colm {\'O} and Stokes, Chris and Hillenbrand, Claus-Dieter and Dowdeswell, Julian A},
  journal={Nature Geoscience},
  volume={5},
  number={11},
  pages={799--802},
  year={2012},
  publisher={Nature Publishing Group}
}

@article{rignot2008recent,
  title={{R}ecent {{A}}ntarctic ice mass loss from radar interferometry and regional climate modelling},
  author={Rignot, Eric and Bamber, Jonathan L and Van Den Broeke, Michiel R and Davis, Curt and Li, Yonghong and Van De Berg, Willem Jan and Van Meijgaard, Erik},
  journal={Nature Geoscience},
  volume={1},
  number={2},
  pages={106--110},
  year={2008},
  publisher={Nature Publishing Group} 
}

@article{foldvik2004ice,
  title={{I}ce shelf water overflow and bottom water formation in the southern {W}eddell {S}ea},
  author={Foldvik, Arne and Gammelsr{\o}d, Tor and {\O}sterhus, Svein and Fahrbach, Eberhard and Rohardt, Gerd and Schr{\"o}der, Michael and Nicholls, Keith W and Padman, L and Woodgate, RA},
  journal={Journal of Geophysical Research: Oceans},
  volume={109},
  number={C2},
  year={2004},
  publisher={Wiley Online Library}
}

@article{retzlaff1993timing,
  title={{T}iming of stagnation of {I}ce {S}tream {C}, {W}est {A}ntarctica, from short-pulse radar studies of buried surface crevasses},
  author={Retzlaff, Rory and Bentley, Charles R},
  journal={Journal of Glaciology},
  volume={39},
  number={133},
  pages={553--561},
  year={1993},
  publisher={Cambridge University Press}
}

@article{fretwell2013bedmap2,
  title={{B}edmap2: improved ice bed, surface and thickness datasets for {{A}}ntarctica},
  author={Fretwell, P and Pritchard, Hamish D and Vaughan, David G and Bamber, JL and Barrand, NE and Bell, R and Bianchi, C and Bingham, RG and Blankenship, DD and Casassa, G and others},
  journal={The Cryosphere},
  volume={7},
  number={1},
  year={2013}
}
@article{de2003glacier,
  title={{G}lacier surge after ice shelf collapse},
  author={De Angelis, Hern{\'a}n and Skvarca, Pedro},
  journal={Science},
  volume={299},
  number={5612},
  pages={1560--1562},
  year={2003},
  publisher={American Association for the Advancement of Science}
}

@article{flowers2015modelling,
  title={{M}odelling water flow under glaciers and ice sheets},
  author={Flowers, Gwenn E},
  journal={Proceedings of the Royal Society A: Mathematical, Physical and Engineering Sciences},
  volume={471},
  number={2176},
  pages={20140907},
  year={2015},
  publisher={The Royal Society Publishing}
}

@article{fourier1808memoire,
  title={{M}{\'e}moire sur la propagation de la chaleur dans les corps solides},
  author={Fourier, Joseph},
  journal={Nouveau Bulletin des Sciences de la Soci{\'e}t{\'e} Philomathique de Paris},
  volume={6},
  pages={112--116},
  year={1808}
}

@article{gray2005evidence,
  title={{E}vidence for subglacial water transport in the {{W}}est {{A}}ntarctic {I}ce {S}heet through three-dimensional satellite radar interferometry},
  author={Gray, Laurence and Joughin, Ian and Tulaczyk, Slawek and Spikes, Vandy Blue and Bindschadler, Robert and Jezek, Ken},
  journal={Geophysical Research Letters},
  volume={32},
  number={3},
  year={2005},
  publisher={Wiley Online Library}
}

@article{engelhardt1997basal,
  title={{B}asal hydraulic system of a {{W}}est {{A}}ntarctic ice stream: constraints from borehole observations},
  author={Engelhardt, Hermann and Kamb, Barclay},
  journal={Journal of Glaciology},
  volume={43},
  number={144},
  pages={207--230},
  year={1997},
  publisher={International Glaciological Society}
}

@article{schoof2010thin,
  title={{T}hin-film flows with wall slip: an asymptotic analysis of higher order glacier flow models},
  author={Schoof, Christian and Hindmarsh, Richard CA},
  journal={The Quarterly Journal of Mechanics \& Applied Mathematics},
  volume={63},
  number={1},
  pages={73--114},
  year={2010},
  publisher={Oxford University Press}
}

@article{macayeal1989large,
  title={{L}arge-scale ice flow over a viscous basal sediment: {T}heory and application to ice stream {{B}}, {{A}}ntarctica},
  author={MacAyeal, Douglas R},
  journal={Journal of Geophysical Research: Solid Earth},
  volume={94},
  number={B4},
  pages={4071--4087},
  year={1989},
  publisher={Wiley Online Library}
}

@book{newton1687philosophiae,
  title={{P}hilosophi{\ae} naturalis principia mathematica},
  author={Newton, I.},
  year={1687},
  publisher={J. Societatis Regiae ac Typis J. Streater}
}

@article{bell2007large,
  title={{L}arge subglacial lakes in {{E}}ast {{A}}ntarctica at the onset of fast-flowing ice streams},
  author={Bell, Robin E and Studinger, Michael and Shuman, Christopher A and Fahnestock, Mark A and Joughin, Ian},
  journal={Nature},
  volume={445},
  number={7130},
  pages={904--907},
  year={2007},
  publisher={Nature Publishing Group}
}

@article{wolovick2014traveling,
  title={{T}raveling slippery patches produce thickness-scale folds in ice sheets},
  author={Wolovick, Michael J and Creyts, Timothy T and Buck, W Roger and Bell, Robin E},
  journal={Geophysical Research Letters},
  volume={41},
  number={24},
  pages={8895--8901},
  year={2014},
  publisher={Wiley Online Library}
}

@article{sergienko2014similarity,
  title={{S}imilarity of organized patterns in driving and basal stresses of {{A}}ntarctic and {{G}}reenland ice sheets beneath extensive areas of basal sliding},
  author={Sergienko, OV and Creyts, Timothy T and Hindmarsh, RCA},
  journal={Geophysical Research Letters},
  volume={41},
  number={11},
  pages={3925--3932},
  year={2014},
  publisher={Wiley Online Library}
}

@article{sergienko2013regular,
  title={{R}egular patterns in frictional resistance of ice-stream beds seen by surface data inversion},
  author={Sergienko, Olga V and Hindmarsh, Richard CA},
  journal={Science},
  volume={342},
  number={6162},
  pages={1086--1089},
  year={2013},
  publisher={American Association for the Advancement of Science}
}

@article{alley1996towards,
  title={{T}owards a hydrological model for computerized ice-sheet simulations},
  author={Alley, Richard B},
  journal={Hydrological Processes},
  volume={10},
  number={4},
  pages={649--660},
  year={1996},
  publisher={Wiley Online Library}
}

@article{sugden2004cenozoic,
  title={{C}enozoic landscape evolution of the {C}onvoy {R}ange to {M}ackay {G}lacier area, {T}ransantarctic {M}ountains: onshore to offshore synthesis},
  author={Sugden, David and Denton, George},
  journal={Geological Society of America Bulletin},
  volume={116},
  number={7-8},
  pages={840--857},
  year={2004},
  publisher={Geological Society of America}
}

@article{pattyn2008investigating,
  title={{I}nvestigating the stability of subglacial lakes with a full {S}tokes ice-sheet model},
  author={Pattyn, Frank},
  journal={Journal of Glaciology},
  volume={54},
  number={185},
  pages={353--361},
  year={2008},
  publisher={International Glaciological Society}
}

@article{hindmarsh1998ice,
  title={{I}ce-stream surface texture, sticky spots, waves and breathers: the coupled flow of ice, till and water},
  author={Hindmarsh, Richard CA},
  journal={Journal of Glaciology},
  volume={44},
  number={148},
  pages={589--614},
  year={1998},
  publisher={Cambridge University Press}
}

@article{alley1989water,
  title={{W}ater-pressure coupling of sliding and bed deformation: {I}. {W}ater system},
  author={Alley, RB},
  journal={Journal of Glaciology},
  volume={35},
  number={119},
  pages={108--118},
  year={1989},
  publisher={Cambridge University Press}
}

@article{horgan2012subglacial,
  title={{S}ubglacial {L}ake {W}hillans—{S}eismic observations of a shallow active reservoir beneath a {{W}}est {{A}}ntarctic ice stream},
  author={Horgan, Huw J and Anandakrishnan, Sridhar and Jacobel, Robert W and Christianson, Knut and Alley, Richard B and Heeszel, David S and Picotti, Stefano and Walter, Jacob I},
  journal={Earth and Planetary Science Letters},
  volume={331},
  pages={201--209},
  year={2012},
  publisher={Elsevier}
}


@article{walder1994channelized,
  title={{C}hannelized subglacial drainage over a deformable bed},
  author={Walder, Joseph S and Fowler, Andrew},
  journal={Journal of Glaciology},
  volume={40},
  number={134},
  pages={3--15},
  year={1994},
  publisher={Cambridge University Press}
}

@incollection{macnamara2016operator,
  title={{O}perator splitting},
  author={MacNamara, Shev and Strang, Gilbert},
  booktitle={{S}plitting {M}ethods in {C}ommunication, {I}maging, {S}cience, and {E}ngineering},
  pages={95--114},
  year={2016},
  publisher={Springer}
}

@article{hindmarsh1999coupled,
  title={{C}oupled ice--till dynamics and the seeding of drumlins and bedrock forms},
  author={Hindmarsh, Richard CA},
  journal={Annals of Glaciology},
  volume={28},
  number={1},
  pages={221--230},
  year={1999},
  publisher={International Glaciological Society}
}

@article{evatt2006subglacial,
  title={{S}ubglacial floods beneath ice sheets},
  author={Evatt, GW and Fowler, AC and Clark, CD and Hulton, NRJ},
  journal={Philosophical Transactions of the Royal Society of London A: Mathematical, Physical and Engineering Sciences},
  volume={364},
  number={1844},
  pages={1769--1794},
  year={2006},
  publisher={The Royal Society}
}

@article{hindmarsh1998stability,
  title={{T}he stability of a viscous till sheet coupled with ice flow, considered at wavelengths less than the ice thickness},
  author={Hindmarsh, Richard CA},
  journal={Journal of Glaciology},
  volume={44},
  number={147},
  pages={285--292},
  year={1998},
  publisher={International Glaciological Society}
}

@article{fowler2000instability,
  title={{A}n instability mechanism for drumlin formation},
  author={Fowler, AC},
  journal={Geological Society, London, Special Publications},
  volume={176},
  number={1},
  pages={307--319},
  year={2000},
  publisher={Geological Society of London}
}

@phdthesis{ng1998mathematical,
  title={{M}athematical modelling of subglacial drainage and erosion},
  author={Ng, Felix SL},
  year={1998},
  school={University of Oxford}
}



@article{anandakrishnan1998influence,
  title={{I}nfluence of subglacial geology on the position of a {{W}}est {{A}}ntarctic ice stream from seismic observations},
  author={Anandakrishnan, S and Blankenship, DD and Alley, RB and Stoffa, PL},
  journal={Nature},
  volume={394},
  number={6688},
  pages={62--65},
  year={1998},
  publisher={Nature Publishing Group}
}

@article{chandler2013evolution,
  title={{E}volution of the subglacial drainage system beneath the {{G}}reenland {I}ce {S}heet revealed by tracers},
  author={Chandler, DM and Wadham, JL and Lis, GP and Cowton, T and Sole, A and Bartholomew, I and Telling, J and Nienow, P and Bagshaw, EB and Mair, D and others},
  journal={Nature Geoscience},
  volume={6},
  number={3},
  pages={195},
  year={2013},
  publisher={Nature Publishing Group}
}

@article{glen1958flow,
  title={{T}he flow law of ice: {A} discussion of the assumptions made in glacier theory, their experimental foundations and consequences},
  author={Glen, JW},
  journal={IASH Publ},
  volume={47},
  pages={171--183},
  year={1958}
}

@article{hattestrand1997ribbed,
  title={{R}ibbed moraines in {{S}}weden—distribution pattern and palaeoglaciological implications},
  author={H{\"a}ttestrand, Clas},
  journal={Sedimentary Geology},
  volume={111},
  number={1-4},
  pages={41--56},
  year={1997},
  publisher={Elsevier}
}

@article{dunlop2008bed,
  title={{B}ed ribbing instability explanation: testing a numerical model of ribbed moraine formation arising from coupled flow of ice and subglacial sediment},
  author={Dunlop, Paul and Clark, Chris D and Hindmarsh, Richard CA},
  journal={Journal of Geophysical Research: Earth Surface},
  volume={113},
  number={F3},
  year={2008},
  publisher={Wiley Online Library}
}

@article{clarke2005subglacial,
  title={{S}ubglacial processes},
  author={Clarke, Garry KC},
  journal={Annu. Rev. Earth Planet. Sci.},
  volume={33},
  pages={247--276},
  year={2005},
  publisher={Annual Reviews}
}

@article{schoof2007pressure,
  title={{P}ressure-dependent viscosity and interfacial instability in coupled ice--sediment flow},
  author={Schoof, Christian},
  journal={Journal of Fluid Mechanics},
  volume={570},
  pages={227--252},
  year={2007},
  publisher={Cambridge University Press}
}

@article{sergienko2007causes,
  title={{C}auses of sudden, short-term changes in ice-stream surface elevation},
  author={Sergienko, OV and MacAyeal, DR and Bindschadler, RA},
  journal={Geophysical Research Letters},
  volume={34},
  number={22},
  year={2007},
  publisher={Wiley Online Library}
}

@article{sergienko2011sticky,
  title={`{{S}}ticky spots' and subglacial lakes under ice streams of the {{S}}iple {{C}}oast, {{A}}ntarctica},
  author={Sergienko, Olga V and Hulbe, Christina L},
  journal={Annals of Glaciology},
  volume={52},
  number={58},
  pages={18--22},
  year={2011},
  publisher={International Glaciological Society}
}

@article{whiteford1970ground,
  title={{G}round movement in the{ {W}aiotapu geothermal region, {N}ew {Z}ealand}},
  author={Whiteford, Peter Charles},
  journal={Geothermics},
  volume={2},
  pages={478--486},
  year={1970},
  publisher={Elsevier}
}

@article{alley1986deformation,
  title={{D}eformation of till beneath {{I}ce {S}tream {B}}, {{W}}est {{A}}ntarctica},
  author={Alley, Richard B and Blankenship, Donald D and Bentley, Charles R and Rooney, S\_T},
  journal={Nature},
  volume={322},
  number={6074},
  pages={57--59},
  year={1986},
  publisher={Nature Publishing Group}
}


@article{blankenship1987till,
  title={{T}ill beneath {{I}ce {S}tream {B}}: 1. {P}roperties derived from seismic travel times},
  author={Blankenship, Donald D and Bentley, Charles R and Rooney, ST and Alley, Richard B},
  journal={Journal of Geophysical Research: Solid Earth},
  volume={92},
  number={B9},
  pages={8903--8911},
  year={1987},
  publisher={Wiley Online Library}
}
@article{alley1987till,
  title={{T}ill beneath ice stream {{B}}: 3. {T}ill deformation: evidence and implications},
  author={Alley, RB and Blankenship, DD and Bentley, C Ro and Rooney, S\_T},
  journal={Journal of Geophysical Research: Solid Earth},
  volume={92},
  number={B9},
  pages={8921--8929},
  year={1987},
  publisher={Wiley Online Library}
}

@article{robin1970radio,
  title={{R}adio echo exploration of the {{A}}ntarctic ice sheet},
  author={Robin, G de Q and Swithinbank, CWM and Smith, BME},
  journal={International Association of Scientific Hydrology Publication},
  volume={86},
  pages={97--115},
  year={1970}
}

@article{jenkins2011convection,
  title={{C}onvection-driven melting near the grounding lines of ice shelves and tidewater glaciers},
  author={Jenkins, Adrian},
  journal={Journal of Physical Oceanography},
  volume={41},
  number={12},
  pages={2279--2294},
  year={2011}
}


@article{blankenship1986seismic,
  title={{S}eismic measurements reveal a saturated porous layer beneath an active {{A}}ntarctic ice stream},
  author={Blankenship, D Do and Bentley, Co R and Rooney, ST and Alley, Ro B},
  journal={Nature},
  volume={322},
  number={6074},
  pages={54--57},
  year={1986},
  publisher={Nature Publishing Group}
}

@article{jacobel2009spatial,
  title={{S}patial variation of radar-derived basal conditions on {K}amb {I}ce {S}tream, {W}est {A}ntarctica},
  author={Jacobel, Robert W and Welch, Brian C and Osterhouse, David and Pettersson, Rickard and MacGregor, Joseph A},
  journal={Annals of Glaciology},
  volume={50},
  number={51},
  pages={10--16},
  year={2009},
  publisher={Cambridge University Press}
}

@article{hulbe2007century,
  title={{C}entury-scale discharge stagnation and reactivation of the {R}oss ice streams, {W}est {A}ntarctica},
  author={Hulbe, C and Fahnestock, M},
  journal={Journal of Geophysical Research: Earth Surface},
  volume={112},
  number={F3},
  year={2007},
  publisher={Wiley Online Library}
}
@article{hulbe2004west,
  title={{W}est {A}ntarctic ice-stream discharge variability: mechanism, controls and pattern of grounding-line retreat},
  author={Hulbe, Christina L and Fahnestock, Mark A},
  journal={Journal of Glaciology},
  volume={50},
  number={171},
  pages={471--484},
  year={2004},
  publisher={Cambridge University Press}
}

@article{post1969distribution,
  title={{D}istribution of surging glaciers in western {N}orth {A}merica},
  author={Post, Austin},
  journal={Journal of Glaciology},
  volume={8},
  number={53},
  pages={229--240},
  year={1969},
  publisher={Cambridge University Press}
}


@article{siegert2016recent,
  title={{R}ecent advances in understanding {A}ntarctic subglacial lakes and hydrology},
  author={Siegert, Martin J and Ross, Neil and Le Brocq, Anne M},
  journal={Philosophical Transactions of the Royal Society A: Mathematical, Physical and Engineering Sciences},
  volume={374},
  number={2059},
  pages={20140306},
  year={2016},
  publisher={The Royal Society Publishing}
}



@article{mouginot2019velo,
author = {Mouginot, J. and Rignot, E. and Scheuchl, B.},
title = {Continent-wide, interferometric SAR phase, mapping of Antarctic ice velocity},
journal = {Geophysical Research Letters},
volume = {0},
number = {46},
year = {2019},
pages = {},
keywords = {Antarctica, Ice velocity, SAR Interferometry, Ice sheet},
doi = {10.1029/2019GL083826},
url = {https://agupubs.onlinelibrary.wiley.com/doi/abs/10.1029/2019GL083826},
eprint = {https://agupubs.onlinelibrary.wiley.com/doi/pdf/10.1029/2019GL083826}
}

@article{le2013evidence,
  title={{E}vidence from ice shelves for channelized meltwater flow beneath the {A}ntarctic {I}ce {S}heet},
  author={Le Brocq, Anne M and Ross, Neil and Griggs, Jennifer A and Bingham, Robert G and Corr, Hugh FJ and Ferraccioli, Fausto and Jenkins, Adrian and Jordan, Tom A and Payne, Antony J and Rippin, David M and others},
  journal={Nature Geoscience},
  volume={6},
  number={11},
  pages={945},
  year={2013},
  publisher={Nature Publishing Group}
}

@article{chinn2001distribution,
  title={{D}istribution of the glacial water resources of {N}ew {Z}ealand},
  author={Chinn, TJ},
  journal={Journal of Hydrology (New Zealand)},
  pages={139--187},
  year={2001},
  publisher={JSTOR}
}


@article{gagliardini2013capabilities,
  title={{C}apabilities and performance of {E}lmer/{I}ce, a new-generation ice sheet model},
  author={Gagliardini, O and Zwinger, T and Gillet-Chaulet, F and Durand, G and Favier, L and Fleurian, B de and Greve, R and Malinen, M and Mart{\'\i}n, C and R{\aa}back, P and others},
  journal={Geoscientific Model Development},
  volume={6},
  number={4},
  pages={1299--1318},
  year={2013},
  publisher={Copernicus GmbH}
}

@article{marsh2016high,
  title={{H}igh basal melting forming a channel at the grounding line of {R}oss {I}ce {S}helf, {A}ntarctica},
  author={Marsh, Oliver J and Fricker, Helen A and Siegfried, Matthew R and Christianson, Knut and Nicholls, Keith W and Corr, Hugh FJ and Catania, Ginny},
  journal={Geophysical Research Letters},
  volume={43},
  number={1},
  pages={250--255},
  year={2016},
  publisher={Wiley Online Library}
}
@article{rose2014temperate,
  title={{A} temperate former {W}est {A}ntarctic ice sheet suggested by an extensive zone of subglacial meltwater channels},
  author={Rose, Kathryn C and Ross, Neil and Bingham, Robert G and Corr, Hugh FJ and Ferraccioli, Fausto and Jordan, Tom A and Le Brocq, Anne M and Rippin, David M and Siegert, Martin J},
  journal={Geology},
  volume={42},
  number={11},
  pages={971--974},
  year={2014},
  publisher={Geological Society of America}
}

@article{bougamont2015reactivation,
  title={{R}eactivation of {K}amb {I}ce {S}tream tributaries triggers century-scale reorganization of {S}iple {C}oast ice flow in {W}est {A}ntarctica},
  author={Bougamont, M and Christoffersen, Poul and Price, SF and Fricker, HA and Tulaczyk, S and Carter, SP},
  journal={Geophysical Research Letters},
  volume={42},
  number={20},
  pages={8471--8480},
  year={2015},
  publisher={Wiley Online Library}
}


@article{nitsche2013paleo,
  title={{P}aleo ice flow and subglacial meltwater dynamics in {P}ine {I}sland {B}ay, {W}est {A}ntarctica},
  author={Nitsche, Frank O and Gohl, Karsten and Larter, Robert D and Hillenbrand, Claus-Dieter and Kuhn, Gerhard and Smith, JA and Jacobs, Stanley S and Anderson, JB and Jakobsson, Martin},
  journal={The Cryosphere},
  volume={7},
  pages={249--262},
  year={2013},
  publisher={Copernicus Publications}
}


@article{wellner2006death,
  title={{T}he death mask of the {A}ntarctic ice sheet: comparison of glacial geomorphic features across the continental shelf},
  author={Wellner, JS and Heroy, DC and Anderson, JB},
  journal={Geomorphology},
  volume={75},
  number={1-2},
  pages={157--171},
  year={2006},
  publisher={Elsevier}
}


@article{anderson2008geomorphology,
  title={{G}eomorphology of the onset area of a paleo-ice stream, {M}arguerite {B}ay, {A}ntarctic {P}eninsula},
  author={Anderson, John B and Fretwell, Lisa Oakes},
  journal={Earth Surface Processes and Landforms: The Journal of the British Geomorphological Research Group},
  volume={33},
  number={4},
  pages={503--512},
  year={2008},
  publisher={Wiley Online Library}
}


@article{siegfried2016episodic,
  title={{E}pisodic ice velocity fluctuations triggered by a subglacial flood in {W}est {A}ntarctica},
  author={Siegfried, Matthew R and Fricker, Helen A and Carter, Sasha P and Tulaczyk, Slawek},
  journal={Geophysical Research Letters},
  volume={43},
  number={6},
  pages={2640--2648},
  year={2016},
  publisher={Wiley Online Library}
}




@article{wellner2001distribution,
  title={{D}istribution of glacial geomorphic features on the {A}ntarctic continental shelf and correlation with substrate: implications for ice behavior},
  author={Wellner, JS and Lowe, AL and Shipp, SS and Anderson, JB},
  journal={Journal of Glaciology},
  volume={47},
  number={158},
  pages={397--411},
  year={2001},
  publisher={Cambridge University Press}
}


@article{lowe2003evidence,
  title={{E}vidence for abundant subglacial meltwater beneath the paleo-ice sheet in {P}ine {I}sland {B}ay, {A}ntarctica},
  author={Lowe, Ashley L and Anderson, John B},
  journal={Journal of Glaciology},
  volume={49},
  number={164},
  pages={125--138},
  year={2003},
  publisher={Cambridge University Press}
}


@article{gagliardini2007finite,
  title={{F}inite-element modeling of subglacial cavities and related friction law},
  author={Gagliardini, Olivier and Cohen, D and R{\aa}back, P and Zwinger, Thomas},
  journal={Journal of Geophysical Research: Earth Surface},
  volume={112},
  number={F2},
  year={2007},
  publisher={Wiley Online Library}
}
@article{vore2019seismic,
  title={{S}eismic {T}remor {R}eveals {S}patial {O}rganization and {T}emporal {C}hanges of {S}ubglacial {W}ater {S}ystem},
  author={Vore, Margot E and Bartholomaus, Timothy C and Winberry, J Paul and Walter, Jacob I and Amundson, Jason M},
  journal={Journal of Geophysical Research: Earth Surface},
  volume={124},
  number={2},
  pages={427--446},
  year={2019},
  publisher={Wiley Online Library}
}


@article{preiswerk2018high,
  title={{H}igh-{F}requency (> 2 {H}z) {A}mbient {S}eismic {N}oise on {H}igh-{M}elt {G}laciers: {G}reen's {F}unction {E}stimation and {S}ource {C}haracterization},
  author={Preiswerk, Lukas E and Walter, Fabian},
  journal={Journal of Geophysical Research: Earth Surface},
  volume={123},
  number={8},
  pages={1667--1681},
  year={2018},
  publisher={Wiley Online Library}
}

@article{thogersen2019rate,
  title={{R}ate-and-state friction explains glacier surge propagation},
  author={Th{\o}gersen, Kjetil and Gilbert, Adrien and Schuler, Thomas Vikhamar and Malthe-S{\o}renssen, Anders},
  journal={Nature Communications},
  volume={10},
  number={1},
  pages={2823},
  year={2019},
  publisher={Nature Publishing Group}
}

@incollection{oerlemans2021analytical,
  title={{A}nalytical {M}odels of {I}ce {S}heets and {I}ce {S}helves},
  author={Oerlemans, Hans},
  booktitle={{G}laciers and {I}ce {S}heets in the {C}limate {S}ystem},
  pages={241--254},
  year={2021},
  publisher={Springer}
}



@article{seddik2017regional,
  title={{R}egional modeling of the {S}hirase drainage basin, {E}ast {A}ntarctica: full {S}tokes vs. shallow ice dynamics},
  author={Seddik, Hakime and Greve, Ralf and Zwinger, Thomas and Sugiyama, Shin},
  journal={The Cryosphere},
  volume={11},
  number={5},
  pages={2213--2229},
  year={2017},
  publisher={Copernicus Publications on behalf of the European Geosciences Union (EGU)}
}



@article{drews2017actively,
  title={{A}ctively evolving subglacial conduits and eskers initiate ice shelf channels at an {A}ntarctic grounding line},
  author={Drews, Reinhard and Pattyn, F and Hewitt, IJ and Ng, FSL and Berger, S and Matsuoka, K and Helm, V and Bergeot, N and Favier, L and Neckel, N},
  journal={Nature Communications},
  volume={8},
  pages={15228},
  year={2017},
  publisher={Nature Publishing Group}
}

@article{horgan2015glacier,
  title={{G}lacier velocity variability due to rain-induced sliding and cavity formation},
  author={Horgan, Huw J and Anderson, Brian and Alley, Richard B and Chamberlain, Calum J and Dykes, Robert and Kehrl, Laura M and Townend, John},
  journal={Earth and Planetary Science Letters},
  volume={432},
  pages={273--282},
  year={2015},
  publisher={Elsevier}
}

@inproceedings{horgan2016channel,
  title={{C}oncentrated {S}ubglacial {D}rainage across the {G}rounding {Z}one of {K}amb {I}ce {S}tream},
  author={Horgan, H and Hulbe, C and Winberry, P and Christianson, K and
Alley, R and Anandakrishnan, S},
  year={2016},
  booktitle={{T}wenty-{T}hird {A}nnual {W}{A}{I}{S} {W}orkshop},
}

@article{haran2005modis,
  title={{M}{O}{D}{I}{S} {M}osaic of {A}ntarctica 2003--2004 ({M}{O}{A}2004) image map},
  author={Haran, T and Bohlander, J and Scambos, T and Painter, T and Fahnestock, M},
  journal={Digital media, National Snow and Ice Data Center, Boulder, CO, USA, https://doi. org/10.7265/N5ZK5DM5},
  year={2005}
}

@article{gagliardini2018influence,
  title={{I}nfluence of increasing surface melt over decadal timescales on land-terminating {G}reenland-type outlet glaciers},
  author={Gagliardini, Olivier and Werder, Mauro A},
  journal={Journal of Glaciology},
  volume={64},
  number={247},
  pages={700--710},
  year={2018},
  publisher={Cambridge University Press}
}


@article{le2004glacier,
  title={{G}lacier flow modelling: a comparison of the {S}hallow {I}ce {A}pproximation and the full-{S}tokes solution},
  author={Le Meur, Emmanuel and Gagliardini, Olivier and Zwinger, Thomas and Ruokolainen, Juha},
  journal={Comptes Rendus Physique},
  volume={5},
  number={7},
  pages={709--722},
  year={2004},
  publisher={Elsevier}
}


@Article{tc-7-375-2013,
AUTHOR = {Fretwell, P. and Pritchard, H. D. and Vaughan, D. G. and Bamber, J. L. and Barrand, N. E. and Bell, R. and Bianchi, C. and Bingham, R. G. and Blankenship, D. D. and Casassa, G. and Catania, G. and Callens, D. and Conway, H. and Cook, A. J. and Corr, H. F. J. and Damaske, D. and Damm, V. and Ferraccioli, F. and Forsberg, R. and Fujita, S. and Gim, Y. and Gogineni, P. and Griggs, J. A. and Hindmarsh, R. C. A. and Holmlund, P. and Holt, J. W. and Jacobel, R. W. and Jenkins, A. and Jokat, W. and Jordan, T. and King, E. C. and Kohler, J. and Krabill, W. and Riger-Kusk, M. and Langley, K. A. and Leitchenkov, G. and Leuschen, C. and Luyendyk, B. P. and Matsuoka, K. and Mouginot, J. and Nitsche, F. O. and Nogi, Y. and Nost, O. A. and Popov, S. V. and Rignot, E. and Rippin, D. M. and Rivera, A. and Roberts, J. and Ross, N. and Siegert, M. J. and Smith, A. M. and Steinhage, D. and Studinger, M. and Sun, B. and Tinto, B. K. and Welch, B. C. and Wilson, D. and Young, D. A. and Xiangbin, C. and Zirizzotti, A.},
TITLE = {Bedmap2: improved ice bed, surface and thickness datasets for Antarctica},
JOURNAL = {The Cryosphere},
VOLUME = {7},
YEAR = {2013},
NUMBER = {1},
PAGES = {375--393},
URL = {https://www.the-cryosphere.net/7/375/2013/},
DOI = {10.5194/tc-7-375-2013}
}

@article{lelandais2018modelled,
  title={{M}odelled subglacial floods and tunnel valleys control the life cycle of transitory ice streams},
  author={Lelandais, Thomas and Ravier, {\'E}douard and Pochat, St{\'e}phane and Bourgeois, Olivier and Clark, Christopher and Mourgues, R{\'e}gis and Strzerzynski, Pierre},
  journal={Cryosphere},
  volume={12},
  number={8},
  pages={2759--2772},
  year={2018},
  publisher={European Geosciences Union}
}


@article{ng2004fast,
  title={{F}ast-flow signature in the stagnated {K}amb {I}ce {S}tream, {W}est {A}ntarctica},
  author={Ng, Felix and Conway, Howard},
  journal={Geology},
  volume={32},
  number={6},
  pages={481--484},
  year={2004},
  publisher={Geological Society of America}
}

@article{engelhardt1990physical,
  title={{P}hysical conditions at the base of a fast moving {{A}}ntarctic ice stream},
  author={Engelhardt, Hermann and Humphrey, Neil and Kamb, Barclay and Fahnestock, Mark},
  journal={Science},
  volume={248},
  number={4951},
  pages={57--60},
  year={1990},
  publisher={American Association for the Advancement of Science}
}

@article{kamb1991rheological,
  title={{R}heological nonlinearity and flow instability in the deforming bed mechanism of ice stream motion},
  author={Kamb, Barclay},
  journal={Journal of Geophysical Research: Solid Earth},
  volume={96},
  number={B10},
  pages={16585--16595},
  year={1991},
  publisher={Wiley Online Library}
}

@inproceedings{fowler2014instability,
  title={{A}n instability theory for the formation of ribbed moraine, drumlins and mega-scale glacial lineations},
  author={Fowler, Andrew Cadle and Chapwanya, Michael},
  booktitle={{P}roceedings of the {R}oyal {S}ociety of {L}ondon {A}: {M}athematical, {P}hysical and {E}ngineering {S}ciences},
  volume={470},
  number={2171},
  pages={20140185},
  year={2014},
  organization={The Royal Society}
}

@book{kinahan1872general,
  title={{T}he general glaciation of {I}ar-{C}onnaught and its neighborhood, in the counties of {G}alway and {M}ayo},
  author={Kinahan, George Henry and Close, Maxwell H},
  year={1872},
  publisher={Hodges, Foster}
}

@book{alley2001west,
  title={{T}he {{W}}est {{A}}ntarctic ice sheet: behavior and environment},
  author={Alley, Richard B},
  volume={77},
  year={2001},
  publisher={American Geophysical Union}
}

@article{tulaczyk2000basal,
  title={{{B}asal mechanics of {I}ce {S}tream {B}, {W}est {A}ntarctica: 2. {U}ndrained plastic bed model}},
  author={Tulaczyk, Slawek and Kamb, W Barclay and Engelhardt, Hermann F},
  journal={Journal of Geophysical Research: Solid Earth},
  volume={105},
  number={B1},
  pages={483--494},
  year={2000},
  publisher={Wiley Online Library}
}

@article{hewitt2013seasonal,
  title={{S}easonal changes in ice sheet motion due to melt water lubrication},
  author={Hewitt, IJ},
  journal={Earth and Planetary Science Letters},
  volume={371},
  pages={16--25},
  year={2013},
  publisher={Elsevier}
}

@article{gudmundsson2003transmission,
  title={{T}ransmission of basal variability to a glacier surface},
  author={Gudmundsson, G Hilmar},
  journal={Journal of Geophysical Research: Solid Earth},
  volume={108},
  number={B5},
  year={2003},
  publisher={Wiley Online Library}
}

@article{reilly1965gravity,
  title={{G}ravity {M}ap of {{N}ew {Z}ealand}, 1: 4,000,000},
  author={Reilly, WI and Whiteford, CM},
  journal={Bouguer anomalies. Wellington, New Zealand, Department of Scientific and Industrial Research},
  year={1965}
}

@article{spagnolo2017periodic,
  title={{T}he periodic topography of ice stream beds: insights from the {F}ourier spectra of mega-scale glacial lineations},
  author={Spagnolo, Matteo and Bartholomaus, Timothy C and Clark, Chris D and Stokes, Chris R and Atkinson, Nigel and Dowdeswell, Julian A and Ely, Jeremy C and Graham, Ali GC and Hogan, Kelly A and King, Edward C and others},
  journal={Journal of geophysical research: earth surface},
  year={2017},
  publisher={Wiley Online Library}
}
@article{dow2018basal,
  title={{B}asal channels drive active surface hydrology and transverse ice shelf fracture},
  author={Dow, Christine F and Lee, Won Sang and Greenbaum, Jamin S and Greene, Chad A and Blankenship, Donald D and Poinar, Kristin and Forrest, Alexander L and Young, Duncan A and Zappa, Christopher J},
  journal={Science advances},
  volume={4},
  number={6},
  pages={eaao7212},
  year={2018},
  publisher={American Association for the Advancement of Science}
}


@article{carter2007radar,
  title={{R}adar-based subglacial lake classification in {{A}}ntarctica},
  author={Carter, Sasha P and Blankenship, Donald D and Peters, Matthew E and Young, Duncan A and Holt, John W and Morse, David L},
  journal={Geochemistry, Geophysics, Geosystems},
  volume={8},
  number={3},
  year={2007},
  publisher={Wiley Online Library}
}

@article{siegfried2018thirteen,
  title={{T}hirteen years of subglacial lake activity in {{A}}ntarctica from multi-mission satellite altimetry},
  author={Siegfried, Matthew R and Fricker, Helen A},
  journal={Annals of Glaciology},
  pages={1--14},
  year={2018},
  publisher={Cambridge University Press}
}

@article{young2016distribution,
  title={{T}he distribution of basal water between {{A}}ntarctic subglacial lakes from radar sounding},
  author={Young, Duncan A and Schroeder, DM and Blankenship, DD and Kempf, Scott D and Quartini, E},
  journal={Phil. Trans. R. Soc. A},
  volume={374},
  number={2059},
  pages={20140297},
  year={2016},
  publisher={The Royal Society}
}

@article{scambos2017much,
  title={{H}ow much, how fast?: {A} science review and outlook for research on the instability of {A}ntarctica's {T}hwaites {G}lacier in the 21st century},
  author={Scambos, Ted A and Bell, Robin E and Alley, Richard B and Anandakrishnan, S and Bromwich, DH and Brunt, K and Christianson, K and Creyts, T and Das, SB and DeConto, R and others},
  journal={Global and Planetary Change},
  volume={153},
  pages={16--34},
  year={2017},
  publisher={Elsevier}
}

@article{carter2012supply,
  title={{T}he supply of subglacial meltwater to the grounding line of the {S}iple {C}oast, {W}est {A}ntarctica},
  author={Carter, SP and Fricker, HA},
  journal={Annals of Glaciology},
  volume={53},
  number={60},
  pages={267--280},
  year={2012},
  publisher={Cambridge University Press}
}

@article{gladish2012ice,
  title={{I}ce-shelf basal channels in a coupled ice/ocean model},
  author={Gladish, Carl V and Holland, David M and Holland, Paul R and Price, Stephen F},
  journal={Journal of Glaciology},
  volume={58},
  number={212},
  pages={1227--1244},
  year={2012},
  publisher={Cambridge University Press}
}

@article{sergienko2013basal,
  title={{B}asal channels on ice shelves},
  author={Sergienko, OV},
  journal={Journal of Geophysical Research: Earth Surface},
  volume={118},
  number={3},
  pages={1342--1355},
  year={2013},
  publisher={Wiley Online Library}
}
@article{vaughan2012subglacial,
  title={{S}ubglacial melt channels and fracture in the floating part of {P}ine {I}sland {G}lacier, {A}ntarctica},
  author={Vaughan, David G and Corr, Hugh FJ and Bindschadler, Robert A and Dutrieux, Pierre and Gudmundsson, G Hilmar and Jenkins, Adrian and Newman, Thomas and Vornberger, Patricia and Wingham, Duncan J},
  journal={Journal of Geophysical Research: Earth Surface},
  volume={117},
  number={F3},
  year={2012},
  publisher={Wiley Online Library}
}
@article{alley2019troughs,
  title={{T}roughs developed in ice-stream shear margins precondition ice shelves for ocean-driven breakup},
  author={Alley, Karen E and Scambos, Ted A and Alley, Richard B and Holschuh, Nicholas},
  journal={Science advances},
  volume={5},
  number={10},
  pages={eaax2215},
  year={2019},
  publisher={American Association for the Advancement of Science}
}


@article{rignot2008channelized,
  title={{C}hannelized bottom melting and stability of floating ice shelves},
  author={Rignot, E and Steffen, K},
  journal={Geophysical Research Letters},
  volume={35},
  number={2},
  year={2008},
  publisher={Wiley Online Library}
}


@article{millgate2013effect,
  title={{T}he effect of basal channels on oceanic ice-shelf melting},
  author={Millgate, Thomas and Holland, Paul R and Jenkins, Adrian and Johnson, Helen L},
  journal={Journal of Geophysical Research: Oceans},
  volume={118},
  number={12},
  pages={6951--6964},
  year={2013},
  publisher={Wiley Online Library}
}



@article{goeller2015subglacial,
  title={{S}ubglacial hydrology indicates a major shift in dynamics of the {W}est {A}ntarctic {R}oss {I}ce {S}treams within the next two centuries},
  author={Goeller, S and Helm, V and Thoma, M and Grosfeld, K},
  journal={The Cryosphere Discussions},
  volume={9},
  number={4},
  pages={3995--4018},
  year={2015},
  publisher={Copernicus GmbH}
}


@article{fricker2010synthesizing,
  title={{S}ynthesizing multiple remote-sensing techniques for subglacial hydrologic mapping: application to a lake system beneath {{M}ac{A}yeal {I}ce {S}tream}, {{W}}est {{A}}ntarctica},
  author={Fricker, Helen Amanda and Scambos, Ted and Carter, Sasha and Davis, Curt and Haran, Terry and Joughin, Ian},
  journal={Journal of Glaciology},
  volume={56},
  number={196},
  pages={187--199},
  year={2010},
  publisher={Cambridge University Press}
}

@article{creyts2014freezing,
  title={{F}reezing of ridges and water networks preserves the {G}amburtsev {S}ubglacial {M}ountains for millions of years},
  author={Creyts, Timothy T and Ferraccioli, Fausto and Bell, Robin E and Wolovick, Michael and Corr, Hugh and Rose, Kathryn C and Frearson, Nicholas and Damaske, Detlef and Jordan, Tom and Braaten, David and others},
  journal={Geophysical Research Letters},
  volume={41},
  number={22},
  pages={8114--8122},
  year={2014},
  publisher={Wiley Online Library}
}

@article{hodson2016physical,
  title={{P}hysical processes in{ {S}ubglacial {L}ake {W}hillans,} {{W}}est {{A}}ntarctica: inferences from sediment cores},
  author={Hodson, TO and Powell, RD and Brachfeld, SA and Tulaczyk, S and Scherer, RP and others},
  journal={Earth and Planetary Science Letters},
  volume={444},
  pages={56--63},
  year={2016},
  publisher={Elsevier}
}

@article{schroeder2013evidence,
  title={{E}vidence for a water system transition beneath {{T}hwaites {G}lacier}, {{W}}est {{A}}ntarctica},
  author={Schroeder, Dustin M and Blankenship, Donald D and Young, Duncan A},
  journal={Proceedings of the National Academy of Sciences},
  volume={110},
  number={30},
  pages={12225--12228},
  year={2013},
  publisher={National Acad Sciences}
}

@article{shaw1990evidence,
  title={{E}vidence for large-scale subglacial meltwater flood events in southern {{O}ntario and northern {N}ew {Y}ork {S}tate}},
  author={Shaw, John and Gilbert, Robert},
  journal={Geology},
  volume={18},
  number={12},
  pages={1169--1172},
  year={1990},
  publisher={Geological Society of America}
}

@article{kamb2001basal,
  title={{B}asal zone of the {{W}}est {{A}}ntarctic ice streams and its role in lubrication of their rapid motion},
  author={Kamb, Barclay},
  journal={The {W}est {A}ntarctic ice sheet: behavior and environment},
  pages={157--199},
  year={2001},
  publisher={Wiley Online Library}
}

%Ice streams account for up to 90% of the {A}ntarctic ice flux into ice shelves and ultimately into the sea [Rignot et al., 2011; Bamber et al., 2000].

%more refs from flowers2000 and hewitt13

@article{bamber2000widespread,
  title={{W}idespread complex flow in the interior of the {{A}}ntarctic ice sheet},
  author={Bamber, Jonathan L and Vaughan, David G and Joughin, Ian},
  journal={Science},
  volume={287},
  number={5456},
  pages={1248--1250},
  year={2000},
  publisher={American Association for the Advancement of Science}
}

@article{fowler1996ice,
  title={{I}ce-sheet surging and ice-stream formation},
  author={Fowler, AC and Johnson, Clare},
  journal={Annals of Glaciology},
  volume={23},
  pages={68--73},
  year={1996},
  publisher={Cambridge University Press}
}

@article{carter2009using,
  title={{U}sing radar-sounding data to identify the distribution and sources of subglacial water: application to {{D}ome {C}}, {{E}}ast {{A}}ntarctica},
  author={Carter, Sasha Peter and Blankenship, Donald D and Young, Duncan A and Holt, John W},
  journal={Journal of Glaciology},
  volume={55},
  number={194},
  pages={1025--1040},
  year={2009},
  publisher={Cambridge University Press}
}

@article{langley2011recovery,
  title={{R}ecovery {L}akes, {{E}}ast {{A}}ntarctica: {R}adar assessment of sub-glacial water extent},
  author={Langley, K and Kohler, J and Matsuoka, K and Sinisalo, A and Scambos, T and Neumann, T and Muto, A and Winther, J-G and Albert, M},
  journal={Geophysical Research Letters},
  volume={38},
  number={5},
  year={2011},
  publisher={Wiley Online Library}
}

%some beds are frozed
@article{naslund2000numerical,
  title={{N}umerical modelling of the ice sheet in western {D}ronning {M}aud {L}and, {{E}}ast {{A}}ntarctica: impacts of present, past and future climates},
  author={N{\"a}slund, Jens-Ove and Fastook, JL and Holmlund, P},
  journal={Journal of Glaciology},
  volume={46},
  number={152},
  pages={54--66},
  year={2000},
  publisher={Cambridge University Press}
}

@article{bjornsson2003subglacial,
  title={{S}ubglacial lakes and j{\"o}kulhlaups in {{I}}celand},
  author={Bj{\"o}rnsson, Helgi},
  journal={Global and Planetary Change},
  volume={35},
  number={3-4},
  pages={255--271},
  year={2003},
  publisher={Elsevier}
}

@article{flowers2002multicomponent,
  title={{A} multicomponent coupled model of glacier hydrology 1. {T}heory and synthetic examples},
  author={Flowers, Gwenn E and Clarke, Garry KC},
  journal={Journal of Geophysical Research: Solid Earth},
  volume={107},
  number={B11},
  year={2002},
  publisher={Wiley Online Library}
}

@article{bartholomew2010seasonal,
  title={{S}easonal evolution of subglacial drainage and acceleration in a {{G}}reenland outlet glacier},
  author={Bartholomew, Ian and Nienow, Peter and Mair, Douglas and Hubbard, Alun and King, Matt A and Sole, Andrew},
  journal={Nature Geoscience},
  volume={3},
  number={6},
  pages={408},
  year={2010},
  publisher={Nature Publishing Group}
}

@article{andrews2014direct,
  title={{D}irect observations of evolving subglacial drainage beneath the {{G}}reenland {I}ce {S}heet},
  author={Andrews, Lauren C and Catania, Ginny A and Hoffman, Matthew J and Gulley, Jason D and L{\"u}thi, Martin P and Ryser, Claudia and Hawley, Robert L and Neumann, Thomas A},
  journal={Nature},
  volume={514},
  number={7520},
  pages={80},
  year={2014},
  publisher={Nature Publishing Group}
}

@article{rignot2002mass,
  title={{M}ass balance of polar ice sheets},
  author={Rignot, Eric and Thomas, Robert H},
  journal={Science},
  volume={297},
  number={5586},
  pages={1502--1506},
  year={2002},
  publisher={American Association for the Advancement of Science}
}

@article{deconto2016contribution,
  title={{C}ontribution of {{A}}ntarctica to past and future sea-level rise},
  author={DeConto, Robert M and Pollard, David},
  journal={Nature},
  volume={531},
  number={7596},
  pages={591},
  year={2016},
  publisher={Nature Publishing Group}
}

@article{allen2014ipcc,
  title={{{I}{P}{C}{C}} fifth assessment synthesis report-climate change 2014 synthesis report},
  author={Allen, Myles R and Barros, Vicente R and Broome, John and Cramer, Wolfgang and Christ, Renate and Church, John A and Clarke, Leon and Dahe, Qin and Dasgupta, Purnamita and Dubash, Navroz K and others},
  year={2014},
  journal={{IPCC Reports}},
  publisher={Intergovernmental Panel on Climate Change (IPCC)}
}

@article{nienow1998seasonal,
  title={{S}easonal changes in the morphology of the subglacial drainage system, {H}aut {G}lacier d'{A}rolla, {S}witzerland},
  author={Nienow, Peter and Sharp, Martin and Willis, Ian},
  journal={Earth Surface Processes and Landforms},
  volume={23},
  number={9},
  pages={825--843},
  year={1998},
  publisher={Wiley Online Library}
}

@article{ashmore2014antarctic,
  title={{{A}}ntarctic subglacial hydrology: current knowledge and future challenges},
  author={Ashmore, David W and Bingham, Robert G},
  journal={{A}ntarctic Science},
  volume={26},
  number={6},
  pages={758--773},
  year={2014},
  publisher={Cambridge University Press}
}

@article{alley1994water,
  title={{A} water-piracy hypothesis for the stagnation of {{I}ce {S}tream {C}}, {{A}}ntarctica},
  author={Alley, RB and Anandakrishnan, S and Bentley, CR and Lord, N},
  journal={Annals of Glaciology},
  volume={20},
  pages={187--194},
  year={1994},
  publisher={Cambridge University Press}
}

@article{bennett2003ice,
  title={{I}ce streams as the arteries of an ice sheet: their mechanics, stability and significance},
  author={Bennett, Matthew R},
  journal={Earth-Science Reviews},
  volume={61},
  number={3-4},
  pages={309--339},
  year={2003},
  publisher={Elsevier}
}

@article{hewitt2011modelling,
  title={{M}odelling distributed and channelized subglacial drainage: the spacing of channels},
  author={Hewitt, Ian J},
  journal={Journal of Glaciology},
  volume={57},
  number={202},
  pages={302--314},
  year={2011},
  publisher={Cambridge University Press}
}

@article{price2011committed,
  title={{C}ommitted sea-level rise for the next century from {G}reenland ice sheet dynamics during the past decade},
  author={Price, Stephen F and Payne, Antony J and Howat, Ian M and Smith, Benjamin E},
  journal={Proceedings of the National Academy of Sciences},
  volume={108},
  number={22},
  pages={8978--8983},
  year={2011},
  publisher={National Acad Sciences}
}


@inproceedings{perol2011control,
  title={{C}ontrol of the width of {{W}}est {{A}}ntarctic ice streams by internal melting in the ice sheet near the margins},
  author={Perol, T and Rice, James R},
  booktitle={{A}{G}{U} {F}all {M}eeting {A}bstracts},
  year={2011}
}

@article{rothlisberger1972water,
  title={{W}ater pressure in intra-and subglacial channels},
  author={R{\"o}thlisberger, Hans},
  journal={Journal of Glaciology},
  volume={11},
  number={62},
  pages={177--203},
  year={1972},
  publisher={Cambridge University Press}
}

@article{shreve1972movement,
  title={{M}ovement of water in glaciers},
  author={Shreve, RL},
  journal={Journal of Glaciology},
  volume={11},
  number={62},
  pages={205--214},
  year={1972},
  publisher={Cambridge University Press}
}

@article{mouginot2017comprehensive,
  title={{C}omprehensive annual ice sheet velocity mapping using{ {L}andsat-8, {S}entinel-1, and {R}{A}{D}{A}{R}{S}{A}{T}-2 data}},
  author={Mouginot, Jeremie and Rignot, Eric and Scheuchl, Bernd and Millan, Romain},
  journal={Remote Sensing},
  volume={9},
  number={4},
  pages={364},
  year={2017},
  publisher={Multidisciplinary Digital Publishing Institute}
}